<?xml version='1.0' encoding='utf-8'?>
<PcGts xmlns="http://schema.primaresearch.org/PAGE/gts/pagecontent/2013-07-15" xmlns:xsi="http://www.w3.org/2001/XMLSchema-instance" xsi:schemaLocation="http://schema.primaresearch.org/PAGE/gts/pagecontent/2013-07-15 http://schema.primaresearch.org/PAGE/gts/pagecontent/2013-07-15/pagecontent.xsd">
    <Metadata>
        <Creator>prov=University of Rostock/Institute of Mathematics/CITlab|PLANET AI GmbH/Gundram Leifert/gundram.leifert@planet-ai.de:name=T2I(thresh=0.0;skip_bl=0.2;hyphen=4.0;ig_lb=true):v=2.6.6
prov=University of Rostock/Institute of Mathematics/CITlab|PLANET AI GmbH/Tobias Gruening/tobias.gruening@planet-ai.de:name=de.uros.citlab.module.baseline2polygon.B2PSeamMultiOriented:v=2.6.6
prov=University of Rostock/Institute of Mathematics/CITlab|PLANET AI GmbH/Tobias Gruening/tobias.gruening@planet-ai.de:name=/net_tf/LA73_249_0mod360.pb:de.uros.citlab.segmentation.CITlab_LA_ML:v=2.6.6
Transkribus</Creator>
        <Created>2020-05-05T15:23:29.807+02:00</Created>
        <LastChange>2020-05-11T18:02:42.370+02:00</LastChange>
        <TranskribusMetadata docId="370321" pageId="14472838" pageNr="115" tsid="29014927" status="IN_PROGRESS" userId="52231" imgUrl="https://files.transkribus.eu/Get?id=NVRHLDTCUHKUXWYMZUDZBTJD&amp;fileType=view" xmlUrl="https://files.transkribus.eu/Get?id=CJSGJKVZLDITWBHYBVSWJFOW" imageId="10433128"/>
    </Metadata>
    <Page imageFilename="114.jpg" imageWidth="6007" imageHeight="4500">
        <ReadingOrder>
            <OrderedGroup id="ro_1616420626376" caption="Regions reading order">
                <RegionRefIndexed index="0" regionRef="r1"/>
                <RegionRefIndexed index="1" regionRef="r2"/>
                <RegionRefIndexed index="2" regionRef="r3"/>
                <RegionRefIndexed index="3" regionRef="r4"/>
                <RegionRefIndexed index="4" regionRef="r5"/>
            </OrderedGroup>
        </ReadingOrder>
        <TextRegion orientation="0.0" id="r1" custom="readingOrder {index:0;}">
            <Coords points="344,1054 344,1216 764,1216 764,1054"/>
            <TextLine id="r1l1" custom="readingOrder {index:0;}">
                <Coords points="332,1196 435,1188 549,1225 641,1198 694,1226 776,1180 774,1084 566,1116 358,1062 329,1075 332,1196"/>
                <Baseline points="344,1166 764,1154"/>
                <TextEquiv>
                    <Unicode/>
                </TextEquiv>
            </TextLine>
            <TextEquiv>
                <Unicode/>
            </TextEquiv>
        </TextRegion>
        <TextRegion orientation="0.0" id="r2" custom="readingOrder {index:1;}">
            <Coords points="856,495 856,3500 2790,3500 2790,495"/>
            <TextLine id="r2l1" custom="readingOrder {index:0;}">
                <Coords points="858,580 976,557 1052,587 1430,579 1693,610 1961,581 2132,605 2204,589 2253,616 2361,588 2638,609 2717,597 2718,511 2642,518 2569,477 2325,499 2264,471 2227,500 2088,423 2006,481 1888,499 1800,451 1746,487 1636,447 1527,487 1427,454 1284,492 1193,454 1122,487 1022,437 859,470 858,580"/>
                <Baseline points="870,544 2706,564"/>
            </TextLine>
            <TextLine id="r2l2" custom="readingOrder {index:1;}">
                <Coords points="854,691 2649,720 2701,709 2702,620 2469,600 2441,625 2373,594 2279,623 2064,585 1985,619 1820,585 1786,612 1668,620 1621,597 1496,610 1464,585 1400,612 1319,579 995,599 919,574 855,583 854,691"/>
                <Baseline points="866,648 2690,678"/>
            </TextLine>
            <TextLine id="r2l3" custom="readingOrder {index:2;}">
                <Coords points="857,785 1127,786 1244,832 1291,808 1463,806 1654,830 1817,810 2109,834 2148,812 2612,838 2694,820 2695,746 2614,723 2523,751 2410,710 2316,743 2219,700 2142,729 2076,706 2036,735 1870,718 1830,739 1762,694 1570,748 1462,702 1358,745 1266,690 1064,719 968,688 858,714 857,785"/>
                <Baseline points="868,766 2682,794"/>
            </TextLine>
            <TextLine id="r2l4" custom="readingOrder {index:3;}">
                <Coords points="862,918 1931,917 2026,941 2152,915 2589,941 2638,912 2697,928 2698,829 2635,824 2585,855 2531,827 2170,837 2131,814 2069,841 1812,810 1775,837 1728,819 1610,842 1574,812 1519,838 1399,810 1345,836 1306,808 1244,832 1208,805 1161,836 1131,813 901,813 864,815 862,918"/>
                <Baseline points="874,876 2686,900"/>
            </TextLine>
            <TextLine id="r2l5" custom="readingOrder {index:4;}">
                <Coords points="868,1019 950,998 979,1020 1406,1042 1925,1018 2084,1042 2182,1021 2639,1043 2698,1036 2699,931 2643,915 2593,954 2540,924 2390,947 2142,915 2083,944 1970,923 1906,942 1864,917 1719,937 1648,914 1554,945 1486,915 1338,941 995,910 869,926 868,1019"/>
                <Baseline points="880,982 2686,1010"/>
            </TextLine>
            <TextLine id="r2l6" custom="readingOrder {index:5;}">
                <Coords points="853,1083 1039,1132 1201,1109 1378,1138 1467,1099 1555,1132 1636,1113 1867,1141 2090,1123 2471,1150 2609,1129 2648,1149 2690,1132 2691,1034 2214,1054 2175,1021 2111,1057 2047,1025 1568,1042 1495,1021 1450,1053 1249,1016 1055,1029 945,995 853,1039 853,1083"/>
                <Baseline points="866,1084 2678,1108"/>
            </TextLine>
            <TextLine id="r2l7" custom="readingOrder {index:6;}">
                <Coords points="844,1217 1480,1219 1593,1251 1622,1229 1893,1214 2266,1245 2286,1243 2286,1135 2126,1125 2045,1155 1627,1113 1536,1143 1463,1114 1330,1141 1173,1109 1099,1148 989,1119 927,1161 844,1112 844,1217"/>
                <Baseline points="856,1204 2274,1188"/>
                <TextEquiv>
                    <Unicode>« R[aginaldus] Dei gracia Carnotensis episcopus G[aufridus] decanus</Unicode>
                </TextEquiv>
            </TextLine>
            <TextLine id="r2l8" custom="readingOrder {index:7;}">
                <Coords points="861,1335 937,1308 1347,1355 1423,1331 1841,1331 1882,1351 2202,1324 2403,1352 2636,1339 2685,1366 2730,1354 2731,1219 2600,1246 2571,1223 2404,1229 2357,1254 2301,1234 2249,1251 2222,1226 1954,1251 1893,1214 1802,1248 1755,1225 1667,1254 1512,1233 1483,1253 1441,1221 1205,1256 1075,1218 987,1240 876,1222 861,1335"/>
                <Baseline points="874,1294 2718,1312"/>
                <TextEquiv conf="0.09396861">
                    <Unicode>et universitas Capituli Carnotensis et H[enricus] Carnotensis archidiaconus omnibus</Unicode>
                </TextEquiv>
            </TextLine>
            <TextLine id="r2l9" custom="readingOrder {index:8;}">
                <Coords points="877,1418 960,1416 1011,1453 1120,1432 1154,1455 1233,1433 1341,1449 1415,1418 1471,1443 1628,1439 1655,1412 1829,1456 1987,1435 2306,1455 2370,1428 2517,1467 2586,1433 2665,1456 2721,1437 2722,1355 2496,1339 2412,1360 2371,1340 2263,1361 2201,1324 2068,1359 2032,1332 1921,1361 1749,1339 1631,1363 1435,1329 1344,1356 1192,1325 980,1352 922,1325 877,1337 877,1418"/>
                <Baseline points="890,1402 2710,1426"/>
                <TextEquiv conf="0.5842975">
                    <Unicode>ad quos presentes littere pervenerint in Domino salutem . Notum</Unicode>
                </TextEquiv>
            </TextLine>
            <TextLine id="r2l10" custom="readingOrder {index:9;}">
                <Coords points="857,1548 1063,1525 1366,1532 1395,1554 1486,1530 1535,1550 1896,1538 1918,1560 1999,1533 2262,1560 2346,1538 2675,1545 2716,1541 2717,1455 2624,1459 2592,1434 2503,1466 2371,1435 2331,1457 2248,1437 1644,1460 1548,1425 1494,1454 1437,1432 1322,1460 1278,1435 1093,1456 995,1451 954,1416 858,1433 857,1548"/>
                <Baseline points="870,1502 2704,1518"/>
                <TextEquiv conf="0.21864621">
                    <Unicode>esse volumus universis presentem paginam inspecturis con</Unicode>
                </TextEquiv>
            </TextLine>
            <TextLine id="r2l11" custom="readingOrder {index:10;}">
                <Coords points="855,1612 896,1640 1110,1652 1193,1633 1603,1653 1677,1627 1844,1661 1906,1637 1962,1663 2026,1641 2576,1665 2709,1640 2710,1569 2602,1538 2393,1570 2342,1542 1948,1567 1816,1540 1457,1558 1430,1536 1386,1565 1320,1537 1116,1556 1065,1524 855,1548 855,1612"/>
                <Baseline points="868,1594 2698,1620"/>
                <TextEquiv conf="0.44736028">
                    <Unicode>tentionem motam fuisse inter Hugonem de Folieto fratrem et</Unicode>
                </TextEquiv>
            </TextLine>
            <TextLine id="r2l12" custom="readingOrder {index:11;}">
                <Coords points="871,1741 1488,1743 1534,1763 1586,1744 1638,1766 1746,1745 2286,1750 2365,1772 2534,1738 2593,1763 2723,1744 2724,1641 2250,1673 2063,1643 1736,1664 1670,1634 1461,1672 1402,1640 1319,1671 1277,1639 1208,1671 872,1630 871,1741"/>
                <Baseline points="884,1710 2710,1724"/>
                <TextEquiv conf="0.30918467">
                    <Unicode>concanonicum nostrum qui precariam de Girodeto nomine ecclesie</Unicode>
                </TextEquiv>
            </TextLine>
            <TextLine id="r2l13" custom="readingOrder {index:12;}">
                <Coords points="869,1824 1200,1874 1264,1850 1505,1872 1684,1854 1723,1881 1783,1855 2154,1856 2303,1862 2359,1892 2438,1858 2544,1877 2606,1848 2731,1849 2732,1768 2552,1783 2496,1758 2390,1784 2277,1751 2176,1785 2071,1752 1847,1774 1820,1747 1752,1746 1710,1778 1580,1745 1378,1775 1315,1744 1162,1768 1103,1740 1061,1764 894,1760 869,1824"/>
                <Baseline points="882,1818 2718,1836"/>
                <TextEquiv conf="0.36284384">
                    <Unicode>Carnotensis possidet et Johannem presbyterum de Cronis super medietate</Unicode>
                </TextEquiv>
            </TextLine>
            <TextLine id="r2l14" custom="readingOrder {index:13;}">
                <Coords points="882,1946 1152,1978 1282,1942 1439,1978 1962,1963 2176,1987 2306,1966 2409,1999 2456,1977 2699,1977 2700,1886 2624,1873 2594,1895 2560,1868 2518,1892 2489,1862 2430,1862 2344,1893 2307,1868 2145,1881 2027,1858 1916,1884 1487,1856 1027,1878 934,1848 882,1870 882,1946"/>
                <Baseline points="894,1930 2688,1942"/>
                <TextEquiv conf="0.2960895">
                    <Unicode>oblationum et candelarum que in festo sancti Stephani in au</Unicode>
                </TextEquiv>
            </TextLine>
            <TextLine id="r2l15" custom="readingOrder {index:14;}">
                <Coords points="878,2074 1821,2088 1858,2068 2000,2096 2234,2056 2261,2083 2732,2087 2733,1993 2635,1971 2558,1999 2509,1975 2470,2001 2347,1976 2251,2000 2021,1976 1954,1998 1908,1968 1868,1992 1559,1968 1455,1990 1416,1962 1377,1992 1328,1959 1286,1984 1077,1997 1001,1957 930,1989 878,1976 878,2074"/>
                <Baseline points="890,2044 2720,2050"/>
                <TextEquiv conf="0.31583345">
                    <Unicode>gusto in capella de Girodeto consueverunt offerri . Dicebat</Unicode>
                </TextEquiv>
            </TextLine>
            <TextLine id="r2l16" custom="readingOrder {index:15;}">
                <Coords points="879,2165 1065,2199 1183,2167 1385,2203 1414,2184 1679,2200 1798,2162 2104,2206 2215,2165 2338,2207 2507,2196 2559,2167 2743,2196 2744,2110 2621,2077 2414,2110 2358,2075 2235,2101 2189,2064 2070,2117 1953,2077 1484,2101 1383,2071 1314,2095 970,2078 879,2094 879,2165"/>
                <Baseline points="892,2146 2730,2160"/>
                <TextEquiv conf="0.44500196">
                    <Unicode>enim predictus Hugo tam candelarum quam omnium oblati</Unicode>
                </TextEquiv>
            </TextLine>
            <TextLine id="r2l17" custom="readingOrder {index:16;}">
                <Coords points="865,2258 1000,2286 1128,2267 1186,2299 1344,2266 1415,2289 1869,2296 1911,2270 2073,2300 2368,2268 2596,2303 2717,2282 2717,2186 2334,2211 2243,2178 2177,2212 1980,2189 1934,2213 1597,2184 1538,2213 1438,2183 1376,2202 1187,2172 1138,2198 924,2180 865,2189 865,2258"/>
                <Baseline points="876,2244 2704,2252"/>
                <TextEquiv conf="0.45696202">
                    <Unicode>onum in predicto festo oblatarum ad jus ecclesie Carnotensis et</Unicode>
                </TextEquiv>
            </TextLine>
            <TextLine id="r2l18" custom="readingOrder {index:17;}">
                <Coords points="863,2390 1204,2369 1327,2404 1359,2377 1639,2395 1941,2368 2096,2413 2145,2381 2214,2396 2334,2370 2376,2399 2717,2400 2717,2302 2506,2301 2388,2269 2337,2303 2106,2285 1806,2307 1772,2282 1646,2314 1561,2276 1472,2313 1357,2271 1280,2308 1153,2283 991,2295 937,2270 863,2294 863,2390"/>
                <Baseline points="874,2348 2706,2356"/>
                <TextEquiv conf="0.3356748">
                    <Unicode>ipsum nomine ipsius ecclesie medietatem pertinere . Presbyter autem</Unicode>
                </TextEquiv>
            </TextLine>
            <TextLine id="r2l19" custom="readingOrder {index:18;}">
                <Coords points="886,2460 1207,2495 1687,2476 2603,2493 2694,2481 2694,2400 2257,2384 2095,2413 1938,2384 1854,2404 1542,2382 1481,2403 1390,2380 1314,2402 1255,2377 1198,2404 968,2375 886,2389 886,2460"/>
                <Baseline points="898,2450 2682,2460"/>
                <TextEquiv conf="0.30921778">
                    <Unicode>instanter asserebat in contrarium dicens quod Ernaldus de</Unicode>
                </TextEquiv>
            </TextLine>
            <TextLine id="r2l20" custom="readingOrder {index:19;}">
                <Coords points="878,2564 1013,2592 1097,2561 1148,2593 1281,2577 1322,2600 1396,2578 1767,2596 1856,2570 1909,2590 1942,2566 2197,2602 2271,2566 2344,2596 2430,2572 2695,2606 2742,2599 2743,2511 2485,2484 2234,2507 1515,2481 1385,2505 1277,2477 1240,2501 1164,2478 992,2499 916,2466 879,2478 878,2564"/>
                <Baseline points="890,2548 2730,2552"/>
                <TextEquiv conf="0.47998193">
                    <Unicode>Folieto predictorum reddituum medietatem predecessoribus ip</Unicode>
                </TextEquiv>
            </TextLine>
            <TextLine id="r2l21" custom="readingOrder {index:20;}">
                <Coords points="869,2686 982,2661 1021,2691 1139,2687 1205,2653 1294,2684 1350,2664 1608,2697 1861,2682 1925,2710 1994,2683 2406,2700 2522,2672 2654,2695 2728,2684 2729,2603 2604,2579 2491,2603 2444,2575 2387,2611 2073,2606 2051,2583 2004,2603 1943,2567 1906,2601 1592,2579 1172,2604 1103,2566 1014,2597 926,2564 870,2591 869,2686"/>
                <Baseline points="882,2640 2716,2658"/>
                <TextEquiv conf="0.21121135">
                    <Unicode>sius presbyteri violenter abstulerat . Post multam igitur verborum</Unicode>
                </TextEquiv>
            </TextLine>
            <TextLine id="r2l22" custom="readingOrder {index:21;}">
                <Coords points="865,2787 1369,2785 1432,2810 1474,2784 1580,2800 1781,2777 1867,2822 1973,2809 2005,2777 2169,2771 2204,2799 2422,2813 2523,2775 2643,2801 2756,2787 2757,2704 2686,2683 2600,2712 2212,2713 2030,2689 1934,2715 1846,2682 1620,2702 1466,2676 1266,2701 1173,2663 1082,2694 866,2689 865,2787"/>
                <Baseline points="878,2748 2744,2762"/>
                <TextEquiv conf="0.30371466">
                    <Unicode>altercacionem de assensu utriusque partis inter ipsos transac</Unicode>
                </TextEquiv>
            </TextLine>
            <TextLine id="r2l23" custom="readingOrder {index:22;}">
                <Coords points="883,2885 1642,2907 1715,2878 2430,2917 2720,2884 2721,2784 2571,2827 2517,2799 2401,2816 2352,2793 2318,2818 2278,2795 2165,2814 2124,2787 1856,2827 1777,2777 1743,2799 1679,2784 1640,2818 1593,2793 1534,2810 1468,2788 1416,2817 1100,2780 1033,2812 952,2784 883,2803 883,2885"/>
                <Baseline points="896,2854 2708,2870"/>
                <TextEquiv conf="0.33264235">
                    <Unicode>tum est in hunc modum : ecclesia Carnotensis vel aliquis nomine</Unicode>
                </TextEquiv>
            </TextLine>
            <TextLine id="r2l24" custom="readingOrder {index:23;}">
                <Coords points="880,3001 1094,2985 1276,3008 1372,2979 1463,3009 1745,2994 1902,3019 2008,2971 2055,3010 2713,3009 2735,2999 2735,2916 2620,2922 2559,2895 2279,2918 2225,2896 2188,2918 1866,2923 1738,2895 1561,2917 1534,2892 1235,2890 1090,2917 943,2881 881,2893 880,3001"/>
                <Baseline points="894,2962 2724,2966"/>
                <TextEquiv conf="0.4288962">
                    <Unicode>ipsius in oblationibus vel aliis proventibus predicte ca</Unicode>
                </TextEquiv>
            </TextLine>
            <TextLine id="r2l25" custom="readingOrder {index:24;}">
                <Coords points="871,3095 1941,3108 2109,3081 2359,3112 2553,3091 2605,3116 2720,3092 2721,3008 2187,3018 1947,2995 1907,3021 1662,2993 1288,3016 1193,2993 1126,3022 967,2992 932,3016 871,3004 871,3095"/>
                <Baseline points="882,3062 2708,3070"/>
                <TextEquiv conf="0.21656543">
                    <Unicode>pelle de cetero nil juris habebit sed in integrum universi</Unicode>
                </TextEquiv>
            </TextLine>
            <TextLine id="r2l26" custom="readingOrder {index:25;}">
                <Coords points="865,3206 948,3184 1186,3191 1228,3215 1341,3189 1744,3204 1901,3175 1940,3208 2012,3176 2056,3213 2199,3182 2279,3205 2717,3202 2746,3185 2747,3107 2359,3119 2312,3099 2211,3121 2103,3081 2027,3120 1993,3092 1828,3121 1580,3092 1541,3117 1433,3091 1010,3096 986,3116 865,3105 865,3206"/>
                <Baseline points="878,3154 2734,3168"/>
                <TextEquiv conf="0.7523417">
                    <Unicode>proventus predicti et oblationes ad presbyterum de Cronis qui</Unicode>
                </TextEquiv>
            </TextLine>
            <TextLine id="r2l27" custom="readingOrder {index:26;}">
                <Coords points="867,3303 941,3282 1206,3301 1243,3272 1314,3295 1378,3278 1413,3305 1496,3279 1730,3281 1796,3306 1919,3263 2032,3293 2363,3288 2407,3316 2449,3294 2742,3294 2742,3211 2691,3193 2654,3220 2627,3202 2585,3222 2553,3194 2524,3216 2394,3195 2339,3212 2202,3184 1927,3216 1866,3176 1765,3210 1652,3189 1558,3211 1278,3191 1241,3216 1170,3190 942,3193 868,3210 867,3303"/>
                <Baseline points="880,3250 2730,3262"/>
                <TextEquiv conf="0.32632428">
                    <Unicode>pro tempore erit pertinebunt . Presbyter autem sabbato vesperas die do</Unicode>
                </TextEquiv>
            </TextLine>
            <TextLine id="r2l28" custom="readingOrder {index:27;}">
                <Coords points="873,3383 1406,3399 1647,3378 1835,3409 1961,3382 2683,3397 2708,3390 2708,3311 2622,3286 2571,3310 2168,3308 2077,3282 2030,3299 2006,3275 1912,3299 1853,3281 1789,3310 1682,3282 1590,3309 1456,3281 1399,3308 1244,3272 1207,3302 1161,3282 873,3304 873,3383"/>
                <Baseline points="886,3346 2696,3360"/>
                <TextEquiv conf="0.10751833">
                    <Unicode>minica de die missam vel de Spiritu-Sancto si homines qui ade</Unicode>
                </TextEquiv>
            </TextLine>
            <TextLine id="r2l29" custom="readingOrder {index:28;}">
                <Coords points="873,3501 2040,3500 2115,3542 2406,3497 2513,3520 2708,3505 2752,3533 2801,3526 2802,3423 2731,3387 2647,3418 2483,3394 2372,3415 2343,3388 2163,3418 1994,3413 1923,3385 1834,3411 1631,3384 1596,3406 1535,3381 1422,3402 994,3387 874,3398 873,3501"/>
                <Baseline points="886,3456 2790,3476"/>
                <TextEquiv conf="0.27628335">
                    <Unicode>runt maluerint die lune missam pro defunctis in omnibus</Unicode>
                </TextEquiv>
            </TextLine>
            <TextEquiv>
                <Unicode>&#13;
&#13;
&#13;
&#13;
&#13;
&#13;
« R[aginaldus] Dei gracia Carnotensis episcopus G[aufridus] decanus ,&#13;
et universitas Capituli Carnotensis et H[enricus] Carnotensis archidiaconus omnibus&#13;
ad quos presentes littere pervenerint in Domino salutem . Notum&#13;
esse volumus universis presentem paginam inspecturis con&#13;
tentionem motam fuisse inter Hugonem de Folieto fratrem et&#13;
concanonicum nostrum qui precariam de Girodeto nomine ecclesie&#13;
Carnotensis possidet et Johannem presbyterum de Cronis super medietate&#13;
oblationum et candelarum que in festo sancti Stephani in au&#13;
gusto in capella de Girodeto consueverunt offerri . Dicebat&#13;
enim predictus Hugo tam candelarum quam omnium oblati&#13;
onum in predicto festo oblatarum ad jus ecclesie Carnotensis et&#13;
ipsum nomine ipsius ecclesie medietatem pertinere . Presbyter autem&#13;
instanter asserebat in contrarium dicens quod Ernaldus de&#13;
Folieto predictorum reddituum medietatem predecessoribus ip&#13;
sius presbyteri violenter abstulerat . Post multam igitur verborum&#13;
altercacionem de assensu utriusque partis inter ipsos transac&#13;
tum est in hunc modum : ecclesia Carnotensis vel aliquis nomine&#13;
ipsius in oblationibus vel aliis proventibus predicte ca&#13;
pelle de cetero nil juris habebit sed in integrum universi&#13;
proventus predicti et oblationes ad presbyterum de Cronis qui&#13;
pro tempore erit pertinebunt . Presbyter autem sabbato vesperas die do&#13;
minica de die missam vel de Spiritu-Sancto si homines qui ade&#13;
runt maluerint die lune missam pro defunctis in omnibus</Unicode>
            </TextEquiv>
        </TextRegion>
        <TextRegion orientation="0.0" id="r3" custom="readingOrder {index:2;}">
            <Coords points="3322,363 3322,3498 5294,3498 5294,363"/>
            <TextLine id="r3l1" custom="readingOrder {index:0;}">
                <Coords points="4313,453 4521,445 4513,308 4398,362 4341,358 4308,382 4313,453"/>
                <Baseline points="4324,426 4508,412"/>
            </TextLine>
            <TextLine id="r3l2" custom="readingOrder {index:1;}">
                <Coords points="3324,639 4086,653 4449,628 4560,655 4596,630 4648,659 4690,630 4908,649 4950,625 5068,644 5125,627 5124,504 5004,485 4945,536 4788,497 4724,537 4628,515 4491,544 4390,517 4260,544 4186,515 4120,540 4019,515 3955,562 3914,520 3864,535 3808,484 3673,545 3577,543 3523,499 3469,499 3324,521 3324,639"/>
                <Baseline points="3336,590 5112,600"/>
                <TextEquiv conf="0.15381502">
                    <Unicode>festis beate et gloriose virginis Marie excepto festo Assump</Unicode>
                </TextEquiv>
            </TextLine>
            <TextLine id="r3l3" custom="readingOrder {index:2;}">
                <Coords points="3310,744 5137,748 5137,645 4990,650 4948,623 4906,650 4702,631 4648,661 4611,631 4503,658 4459,629 4381,651 3897,655 3862,632 3774,660 3329,631 3310,633 3310,744"/>
                <Baseline points="3322,706 5124,708"/>
                <TextEquiv conf="0.21278484">
                    <Unicode>tionis et universis festis que vigilias habent et preceden</Unicode>
                </TextEquiv>
            </TextLine>
            <TextLine id="r3l4" custom="readingOrder {index:3;}">
                <Coords points="3332,862 4673,844 4705,864 4734,842 4894,872 4936,847 5132,850 5133,747 5086,734 5042,761 4963,737 4872,768 4811,736 4744,763 4533,738 4489,770 4425,738 4386,768 4322,741 3892,762 3799,740 3705,764 3332,742 3332,862"/>
                <Baseline points="3344,818 5120,818"/>
                <TextEquiv conf="0.27413115">
                    <Unicode>tibus jejuniis honorantur in sepedicta capella per se vel</Unicode>
                </TextEquiv>
            </TextLine>
            <TextLine id="r3l5" custom="readingOrder {index:4;}">
                <Coords points="3326,978 3392,955 3692,967 3739,942 3862,971 4144,953 4174,973 4235,950 5085,950 5146,931 5146,850 5067,842 4981,872 4731,843 4529,869 4434,844 4372,876 4220,850 3707,854 3616,876 3441,852 3402,882 3326,862 3326,978"/>
                <Baseline points="3338,928 5134,920"/>
                <TextEquiv conf="0.41989514">
                    <Unicode>per alium celebrabit nisi inevitabili necessitate et casu</Unicode>
                </TextEquiv>
            </TextLine>
            <TextLine id="r3l6" custom="readingOrder {index:5;}">
                <Coords points="3325,1072 3436,1059 3475,1079 3546,1049 3804,1076 3839,1056 3959,1088 4013,1058 5035,1068 5087,1044 5138,1071 5173,1066 5172,977 4880,951 4558,983 4514,951 4443,974 4379,949 4170,977 4030,955 3981,984 3880,958 3831,987 3762,950 3446,978 3384,956 3325,978 3325,1072"/>
                <Baseline points="3338,1026 5160,1028"/>
                <TextEquiv conf="0.2668833">
                    <Unicode>inopinato fuerit impeditus . Si autem die qua celebrabit dic</Unicode>
                </TextEquiv>
            </TextLine>
            <TextLine id="r3l7" custom="readingOrder {index:6;}">
                <Coords points="3327,1166 4010,1159 4098,1179 4241,1150 4331,1177 4697,1153 5068,1170 5137,1141 5137,1075 4012,1059 3958,1088 3838,1056 3612,1078 3548,1051 3477,1078 3327,1070 3327,1166"/>
                <Baseline points="3338,1128 5126,1130"/>
                <TextEquiv conf="0.45702785">
                    <Unicode>tus presbyter ut dictum est apud capellam aliqua mulierum</Unicode>
                </TextEquiv>
            </TextLine>
            <TextLine id="r3l8" custom="readingOrder {index:7;}">
                <Coords points="3325,1235 3418,1269 3696,1256 3787,1282 3821,1260 4170,1274 4305,1251 4442,1273 4489,1253 5007,1269 5125,1256 5125,1165 4700,1152 4651,1179 4484,1160 4346,1190 4238,1148 4113,1181 3973,1159 3639,1180 3366,1161 3325,1171 3325,1235"/>
                <Baseline points="3338,1230 5114,1226"/>
                <TextEquiv conf="0.49292096">
                    <Unicode>de Girodeto ad purificationem ad capellam ipsam accedere</Unicode>
                </TextEquiv>
            </TextLine>
            <TextLine id="r3l9" custom="readingOrder {index:8;}">
                <Coords points="3328,1373 3387,1353 3895,1383 4079,1360 5118,1364 5153,1349 5152,1288 4936,1255 4703,1283 4575,1261 4543,1284 4504,1257 4374,1275 4302,1253 4239,1290 4148,1288 4108,1256 4055,1291 3971,1267 3892,1289 3448,1257 3327,1282 3328,1373"/>
                <Baseline points="3340,1334 5140,1332"/>
                <TextEquiv conf="0.44718176">
                    <Unicode>voluerit admittetur ; aliis autem diebus eam matricem ec</Unicode>
                </TextEquiv>
            </TextLine>
            <TextLine id="r3l10" custom="readingOrder {index:9;}">
                <Coords points="3327,1440 3376,1474 3757,1467 3777,1486 3838,1466 4069,1485 4162,1464 4204,1494 4336,1463 5000,1474 5083,1449 5164,1461 5164,1363 4348,1387 4289,1368 4245,1395 4162,1369 4120,1388 4088,1359 3982,1389 3940,1365 3840,1388 3611,1364 3528,1389 3393,1361 3327,1391 3327,1440"/>
                <Baseline points="3338,1440 5152,1434"/>
                <TextEquiv conf="0.40086606">
                    <Unicode>clesiam adire oportebit . Insuper panes et omnia parrochialia</Unicode>
                </TextEquiv>
            </TextLine>
            <TextLine id="r3l11" custom="readingOrder {index:10;}">
                <Coords points="3321,1566 5004,1575 5070,1543 5139,1552 5139,1447 5006,1481 4827,1462 4731,1492 4606,1460 4296,1495 4267,1471 4205,1495 4117,1466 3977,1491 3564,1465 3496,1494 3459,1470 3321,1507 3321,1566"/>
                <Baseline points="3334,1538 5126,1534"/>
                <TextEquiv conf="0.5699785">
                    <Unicode>jura ab hominibus de Girodeto de cetero absque contradictione</Unicode>
                </TextEquiv>
            </TextLine>
            <TextLine id="r3l12" custom="readingOrder {index:11;}">
                <Coords points="3331,1651 3481,1685 4854,1683 5050,1643 5146,1653 5146,1581 4750,1565 4618,1598 4416,1564 4212,1589 4121,1560 4008,1592 3885,1556 3844,1588 3731,1566 3456,1584 3387,1562 3330,1589 3331,1651"/>
                <Baseline points="3342,1642 5134,1634"/>
                <TextEquiv conf="0.45769423">
                    <Unicode>aliqua apud dictam ecclesiam de Cronis persolventur . Ut</Unicode>
                </TextEquiv>
            </TextLine>
            <TextLine id="r3l13" custom="readingOrder {index:12;}">
                <Coords points="3342,1789 4491,1769 4715,1790 4796,1745 5118,1761 5137,1684 4926,1668 4894,1693 4837,1674 4621,1689 4525,1665 4437,1693 4270,1669 4076,1697 3982,1675 3860,1693 3828,1669 3757,1696 3678,1669 3648,1692 3597,1670 3462,1693 3383,1654 3341,1671 3342,1789"/>
                <Baseline points="3354,1746 5126,1738"/>
                <TextEquiv conf="0.1297663">
                    <Unicode>igitur transactio ista rata et inconcussa observetur in futurum</Unicode>
                </TextEquiv>
            </TextLine>
            <TextLine id="r3l14" custom="readingOrder {index:13;}">
                <Coords points="3326,1877 3731,1899 3822,1869 3984,1898 4878,1880 5026,1904 5151,1860 5151,1791 4824,1797 4760,1772 4704,1797 4635,1777 4554,1797 4490,1770 4372,1809 4345,1787 4026,1800 3964,1776 3765,1798 3596,1776 3564,1796 3483,1771 3326,1816 3326,1877"/>
                <Baseline points="3338,1848 5138,1854"/>
                <TextEquiv conf="0.22072226">
                    <Unicode>presens scriptum de communi assensu nostro ad petitio</Unicode>
                </TextEquiv>
            </TextLine>
            <TextLine id="r3l15" custom="readingOrder {index:14;}">
                <Coords points="3343,1993 3871,1989 3920,2016 4011,1987 4186,2009 4225,1987 5089,1998 5131,1991 5131,1890 5009,1914 4851,1882 4795,1909 4638,1907 4586,1879 4451,1906 4245,1877 4048,1908 3822,1869 3746,1903 3658,1881 3505,1908 3441,1871 3343,1900 3343,1993"/>
                <Baseline points="3356,1950 5118,1964"/>
                <TextEquiv conf="0.4453628">
                    <Unicode>nem predictorum Hugonis et presbyteri de Cronis fecimus</Unicode>
                </TextEquiv>
            </TextLine>
            <TextLine id="r3l16" custom="readingOrder {index:15;}">
                <Coords points="3338,2101 3741,2096 3827,2128 3889,2101 4171,2094 4412,2097 4454,2119 4643,2080 5134,2103 5151,1992 4707,2019 4444,1989 4304,2018 4230,1989 4164,2016 4105,1989 4002,2020 3894,1996 3651,2015 3449,1993 3339,2015 3338,2101"/>
                <Baseline points="3350,2064 5138,2070"/>
                <TextEquiv conf="0.3725989">
                    <Unicode>annotari et sigillorum nostrorum impressione muniri . Actum</Unicode>
                </TextEquiv>
            </TextLine>
            <TextLine id="r3l17" custom="readingOrder {index:16;}">
                <Coords points="3331,2193 3704,2220 3793,2196 4156,2218 4446,2201 4495,2223 4574,2198 4640,2233 4795,2174 4832,2208 4964,2191 5001,2220 5143,2218 5143,2117 5092,2097 4800,2112 4758,2080 4701,2107 4547,2095 4419,2127 4301,2095 4154,2097 4112,2127 3937,2105 3815,2127 3741,2095 3707,2115 3331,2102 3331,2193"/>
                <Baseline points="3344,2170 5132,2172"/>
                <TextEquiv conf="0.373607">
                    <Unicode>apud Josaphat in domo episcopi anno gracie MºCº nonagesi</Unicode>
                </TextEquiv>
            </TextLine>
            <TextLine id="r3l18" custom="readingOrder {index:17;}">
                <Coords points="3336,2279 3498,2310 3584,2274 3729,2280 3822,2322 3864,2295 3955,2308 3999,2286 4117,2324 4164,2297 4287,2293 4451,2319 4616,2293 4903,2322 4992,2279 5181,2305 5223,2285 5223,2182 5125,2226 5076,2201 5044,2230 4951,2193 4904,2222 4789,2191 4722,2228 4638,2232 4543,2197 4417,2231 4241,2197 4182,2219 3767,2196 3715,2230 3661,2200 3384,2203 3337,2215 3336,2279"/>
                <Baseline points="3348,2258 5210,2274"/>
                <TextEquiv>
                    <Unicode>mo quinto mense augusto . » </Unicode>
                </TextEquiv>
            </TextLine>
            <TextLine id="r3l19" custom="readingOrder {index:18;} supplied {offset:38; length:12;}">
                <Coords points="3317,2410 3418,2373 3450,2396 3482,2376 3519,2401 3838,2415 3924,2395 3961,2420 4010,2396 4207,2404 4244,2380 4347,2414 4450,2378 4713,2377 4884,2419 5003,2388 5066,2420 5150,2384 5307,2402 5307,2311 5221,2320 5190,2298 5042,2329 4969,2297 4826,2328 4610,2298 4416,2324 4286,2294 4119,2325 4008,2285 3944,2319 3900,2295 3802,2331 3755,2284 3507,2317 3352,2275 3318,2285 3317,2410"/>
                <Baseline points="3330,2366 5294,2380"/>
                <TextEquiv>
                    <Unicode>« Raginaldus Dei gracia episcopus Carnotensis,</Unicode>
                </TextEquiv>
            </TextLine>
            <TextLine id="r3l20" custom="readingOrder {index:19;}">
                <Coords points="3338,2469 3530,2496 3645,2475 3689,2498 3734,2471 3964,2511 4178,2491 4483,2512 4650,2487 4716,2513 4783,2484 5006,2509 5183,2498 5184,2420 5118,2399 4788,2423 4727,2395 4599,2425 4518,2419 4450,2379 4385,2420 4299,2414 4248,2379 4189,2411 4074,2399 4051,2421 3990,2398 3968,2420 3663,2414 3421,2377 3339,2410 3338,2469"/>
                <Baseline points="3350,2458 5170,2474"/>
            </TextLine>
            <TextLine id="r3l21" custom="readingOrder {index:20;}">
                <Coords points="3351,2568 3647,2607 3727,2569 3888,2606 3999,2573 4068,2601 4223,2569 4365,2609 4404,2580 5136,2601 5178,2592 5180,2504 4020,2510 3816,2504 3785,2481 3620,2506 3569,2475 3433,2503 3387,2475 3352,2486 3351,2568"/>
                <Baseline points="3364,2546 5166,2572"/>
            </TextLine>
            <TextLine id="r3l22" custom="readingOrder {index:21;}">
                <Coords points="3336,2669 3714,2695 3960,2673 4019,2708 4117,2684 4377,2701 4476,2673 4527,2703 4714,2685 4802,2706 4842,2681 4969,2712 5097,2679 5173,2690 5174,2613 4951,2604 4835,2627 4801,2600 4668,2608 4632,2586 4548,2612 4509,2592 4314,2612 4172,2584 4108,2610 3993,2582 3887,2610 3720,2579 3668,2606 3388,2606 3337,2585 3336,2669"/>
                <Baseline points="3348,2654 5162,2672"/>
            </TextLine>
            <TextLine id="r3l23" custom="readingOrder {index:22;}">
                <Coords points="3335,2790 3792,2774 3841,2809 4237,2775 4318,2803 5092,2812 5160,2795 5161,2721 4913,2712 4844,2684 4798,2709 4714,2686 4537,2714 4479,2674 4382,2725 4311,2687 4036,2712 3955,2672 3761,2712 3383,2685 3336,2707 3335,2790"/>
                <Baseline points="3348,2764 5148,2764"/>
            </TextLine>
            <TextLine id="r3l24" custom="readingOrder {index:23;}">
                <Coords points="3348,2887 3442,2868 3584,2896 3641,2872 3840,2899 4154,2877 4203,2902 4397,2906 4547,2877 4611,2912 5038,2891 5109,2909 5154,2885 5154,2826 5015,2808 4783,2828 4663,2790 4553,2826 4297,2784 4253,2809 4170,2803 4143,2776 4012,2812 3848,2813 3752,2773 3619,2818 3497,2775 3349,2809 3348,2887"/>
                <Baseline points="3360,2858 5142,2872"/>
            </TextLine>
            <TextLine id="r3l25" custom="readingOrder {index:24;}">
                <Coords points="3329,2977 3577,2983 3643,3008 3812,2977 3969,3005 4048,2971 4171,3012 4385,2996 4444,2949 4559,3009 4822,2981 5075,3012 5183,2991 5183,2917 4913,2896 4712,2924 4511,2893 4476,2915 4238,2919 4142,2876 4098,2918 4004,2937 3936,2885 3801,2911 3715,2886 3471,2911 3344,2886 3329,2977"/>
                <Baseline points="3342,2960 5170,2972"/>
            </TextLine>
            <TextLine id="r3l26" custom="readingOrder {index:25;}">
                <Coords points="3336,3077 3444,3110 3655,3082 3729,3105 4051,3087 4181,3111 4424,3083 4466,3110 4611,3082 4687,3110 4832,3076 4947,3117 4992,3090 5124,3098 5125,3027 4990,2994 4793,3017 4462,2992 4390,3014 4300,2991 4115,3019 4015,2986 3835,3015 3796,2985 3727,3011 3671,2989 3631,3020 3587,2986 3437,3009 3386,2986 3337,3006 3336,3077"/>
                <Baseline points="3348,3056 5112,3070"/>
            </TextLine>
            <TextLine id="r3l27" custom="readingOrder {index:26;}">
                <Coords points="3326,3157 3382,3182 3809,3199 3905,3173 3964,3203 4023,3181 4303,3204 4500,3174 5138,3189 5183,3185 5183,3111 4996,3090 4945,3115 4824,3084 4751,3116 4638,3091 4603,3113 4456,3112 4434,3090 4210,3113 3874,3089 3842,3114 3812,3089 3699,3110 3498,3090 3326,3106 3326,3157"/>
                <Baseline points="3338,3152 5170,3162"/>
            </TextLine>
            <TextLine id="r3l28" custom="readingOrder {index:27;}">
                <Coords points="3330,3268 3561,3271 3588,3296 3763,3272 4234,3294 4718,3276 4767,3296 4900,3263 4978,3305 5035,3278 5165,3291 5166,3185 4944,3204 4920,3179 4861,3196 4819,3176 4736,3203 4539,3190 4500,3214 4389,3179 4301,3208 3375,3182 3331,3187 3330,3268"/>
                <Baseline points="3342,3238 5154,3254"/>
            </TextLine>
            <TextLine id="r3l29" custom="readingOrder {index:28;}">
                <Coords points="3327,3376 3602,3387 3766,3359 3877,3386 4024,3362 4130,3392 5129,3395 5145,3294 4349,3278 4241,3302 4106,3277 3875,3298 3762,3273 3587,3297 3327,3266 3327,3376"/>
                <Baseline points="3338,3338 5132,3354"/>
            </TextLine>
            <TextLine id="r3l30" custom="readingOrder {index:29;}">
                <Coords points="3331,3503 3405,3479 3552,3501 3695,3480 3769,3488 3825,3528 3975,3486 4260,3508 4800,3485 4893,3513 4938,3491 5083,3503 5141,3543 5188,3521 5189,3420 5025,3389 4737,3411 4681,3378 4615,3399 4281,3381 4064,3401 4011,3368 3890,3399 3817,3361 3777,3390 3704,3375 3625,3410 3460,3374 3332,3395 3331,3503"/>
                <Baseline points="3344,3442 5176,3474"/>
            </TextLine>
            <TextEquiv>
                <Unicode>&#13;
festis beate et gloriose virginis Marie excepto festo Assump&#13;
tionis et universis festis que vigilias habent et preceden&#13;
tibus jejuniis honorantur in sepedicta capella per se vel&#13;
per alium celebrabit nisi inevitabili necessitate et casu&#13;
inopinato fuerit impeditus . Si autem die qua celebrabit dic&#13;
tus presbyter ut dictum est apud capellam aliqua mulierum&#13;
de Girodeto ad purificationem ad capellam ipsam accedere&#13;
voluerit admittetur ; aliis autem diebus eam matricem ec&#13;
clesiam adire oportebit . Insuper panes et omnia parrochialia&#13;
jura ab hominibus de Girodeto de cetero absque contradictione&#13;
aliqua apud dictam ecclesiam de Cronis persolventur . Ut&#13;
igitur transactio ista rata et inconcussa observetur in futurum ,&#13;
presens scriptum de communi assensu nostro ad petitio&#13;
nem predictorum Hugonis et presbyteri de Cronis fecimus&#13;
annotari et sigillorum nostrorum impressione muniri . Actum&#13;
apud Josaphat in domo episcopi anno gracie MºCº nonagesi&#13;
mo quinto mense augusto . » &#13;
« Raginaldus Dei gracia episcopus Carnotensis,&#13;
&#13;
&#13;
&#13;
&#13;
&#13;
&#13;
&#13;
&#13;
&#13;
&#13;
</Unicode>
            </TextEquiv>
        </TextRegion>
        <TextRegion orientation="0.0" id="r4" custom="readingOrder {index:3;}">
            <Coords points="5316,336 5316,490 5396,490 5396,336"/>
            <TextLine id="r4l1" custom="readingOrder {index:0;}">
                <Coords points="5304,461 5410,462 5406,373 5301,400 5304,461"/>
                <Baseline points="5316,440 5396,436"/>
                <TextEquiv>
                    <Unicode/>
                </TextEquiv>
            </TextLine>
            <TextEquiv>
                <Unicode/>
            </TextEquiv>
        </TextRegion>
        <TextRegion orientation="0.0" id="r5" custom="readingOrder {index:4;}">
            <Coords points="5332,2150 5332,2316 5496,2316 5496,2150"/>
            <TextLine id="r5l1" custom="readingOrder {index:0;}">
                <Coords points="5319,2272 5506,2295 5515,2185 5327,2167 5319,2272"/>
                <Baseline points="5332,2250 5496,2266"/>
            </TextLine>
        </TextRegion>
    </Page>
</PcGts>