6007 4500
873 3384 2754 3598 « P[etrus] Parisiensis M[anasses] Aurelianensis G[arinus] Silvanectensis Dei gratia episcopi,
3378 488 5193 702 omnibus ad quos littere iste pervenerint salutem in Domino . Notum vobis facimus
3380 634 5155 798 quod cum controversia verteretur inter Capitulum Carnotense ex una
3376 748 5200 891 parte et nobilem virum Theobaldum Blesensem et Claremontensem comitem ex al
3383 849 5193 982 tera super eo quod prepositus ejusdem comitis de Carnoto Laurentium servien
3368 952 5177 1096 tem Hugonis canonici Carnotensis ceperat et captum deti
3370 1054 5233 1204 nebat et requisitus ipsum nec reddere nec exhibere nec recredere voluit ;
3378 1164 5181 1310 item super eo quod quosdam homines ejusdem ecclesie et equos ceperat occasi
3371 1256 5195 1402 one cujusdam viarie et captos detinebat requisitus nec reddere
3374 1365 5178 1508 nec recredere voluit ; tandem super taxatione emende et dampnorum
3362 1459 5166 1619 et pro homine distracto et suspenso in nos fuit a partibus compromissum
3372 1570 5189 1720 sub pena trecentarum marcharum solvenda ab illa parte que sta
3377 1662 5179 1811 re nollet dicto nostro vel duorum ex nobis . Cum igitur mandato predicti
3373 1748 5191 1934 Comitis prefatus prepositus de Carnoto super premissis in capitulo
3368 1875 5184 2040 Carnotensi pro ipso comite fecerit eidem Capitulo emendam manu
3370 1985 5164 2127 alem salvo jure hereditatis comitis et ecclesie Carnotensis nos
3376 2085 5167 2238 in dicto nostro ita procedimus volumus et dicimus quod pro homine distrac
3367 2199 5170 2332 to et suspenso qui requisitus nec redditus nec recreditus nec
3375 2288 5185 2438 exhibitus fuit . . . . prepositus Hugo Saugiers tunc mares
3375 2382 5187 2536 callus . . . . castellanus Carnotensis servum aliquem comitis Blesensis
3362 2505 5216 2657 personaliter ferent in lecto vivum a loco furcarum usque ad ma
3393 2607 5203 2737 jorem ecclesiam Carnotensem in instanti festo beate Marie Magda
3376 2706 5207 2849 lene hora tercia et dictus servus remaneat in perpetuum et sit ecclesie
3389 2810 5192 2952 Carnotensis . Dicimus etiam quod comes faciat dari a preposito Car
3381 2916 5207 3058 notensi pro dampno equorum captorum et detentorum hominibus dampnifi
3373 3016 5180 3157 catis viginti libras carnotensis monete et decem libras ejusdem mo
3385 3115 5216 3262 nete sorori Laurentii defuncti suspensi . Canonico vero cujus servi
3383 3234 5195 3348 ens erat predictus Laurentius faciet prefatus prepositus emendam ma
3383 3311 5221 3460 nualem tantum . Hiis autem peractis dicti comes et clerici et homines sui
3372 3419 5257 3598 in pace remanebunt et de premissis nichil aliud fa
