6007 4500
759 479 2619 649 faciunt tabernas suas in temporibus bannorum sine banno vici
791 618 2579 763 nis suis ex altera parte vie non valentibus hoc facere . Et
785 732 2654 873 insuper habeo apud Boarvillam omnes hospites cum justi
808 836 2658 976 cia tota et censu xii solidorum de unoquoque hospitum etiam de hos
801 942 2616 1087 pitio heredum defuncti Garini de Morviler quem ego ac
823 1057 2619 1184 quisivi cum censibus aliorum x hospitum ; et apud Valbrun
809 1162 2611 1296 juxta Nogentum-Eremberti iii arpennos terre de dono Hugonis
806 1264 2668 1397 de Fai militis ad hospites ibi ponendos ; et fuerunt ibi aliquando
812 1371 2643 1497 v sub censu v solidorum modo vero sunt duo tantum sub censu du
825 1473 2639 1603 orum solidorum quia miles gravat homines sicut dicunt et ideo no
806 1581 2622 1724 lunt ibi diu manere : in illis hospitibus habeo justiciam
811 1685 2654 1815 totam et garendiam . Ex hoc in festo sancti Remigii annuatim
811 1776 2663 1928 debeo ad Matutinas iii solidos pro recognitione . Item apud Boele
816 1887 2647 2032 tum-Terrici teneo omnes hospites ville cum tali justi
814 1993 2628 2130 cia quod placita ibi tenentur prius saltem semel co
805 2105 2617 2234 ram majore nostro et si ibi non terminantur advocat major
815 2211 2620 2343 dominum Hugonem militem cujus antecessores dederunt nobis
815 2308 2632 2451 villam pro garendia ; tandem si nec tunc ibi terminantur
815 2399 2677 2558 possunt trahi ad me petente altero litigantium vel me ipso
818 2522 2601 2657 evocante ad me negocium et a me ipso potest apellari ad
822 2624 2605 2784 Capitulum . Ubicumque vero negocium fuerit terminatum non
822 2712 2644 2865 habeo de emenda nisi xii denarios tantum et major noster vi denarios pro districtu
807 2842 2644 2968 nisi fuerit emenda sanguinis vel furti vel raptus in quibus
816 2941 2661 3068 emenda erit ibi qualis est alibi secundum communem consuetudi
805 3047 2662 3173 nem et habet in hiis tribus miles ville medietatem emen
820 3144 2660 3278 de per manum majoris nostri ; et si duellum emerserit ibi te
815 3233 2648 3370 nebitur coram me et milite et emenda erit communis mihi
803 3340 2712 3472 et illi . De minuta decima habeo terciam partem in omnibus ;
796 3439 2685 3607 hospites illius ville nobis tailliam non debent : hec ita sunt
3331 461 5208 673 secundum litteras donationis ejusdem ville . Ex hoc debeo Matutinis
3361 632 5169 799 in festo sancti Remigii x solidos annuatim . Item decimam
3349 752 5214 907 vini teneo in bannileuga Carnotensi et in villis extrincesis
3359 864 5224 1003 ubi decima bladi est ecclesie Carnotensi tali tenore quod si aliqua terra a
3362 967 5195 1111 rabilis est et fiat ibi vinea mea est decima si vero vinea est et
3349 1067 5200 1212 deveniat ad terram arabilem de prebendis est decima . In hac
3343 1176 5181 1316 decima sunt multi arpenni quorum numerus vix posset plene
3349 1273 5207 1430 sciri ; sed ubique talis est consuetudo decime acquisita multo
3349 1394 5209 1525 labore meo et sumptu quod si suspectus fuerit aliquis de decima
3342 1493 5235 1631 sua minus plene soluta et convinci non possit cogetur inde red
3334 1592 5215 1730 dere quantum quesitor decime secundum conscientiam suam jurave
3337 1704 5216 1838 rit eum debere vel si debitor decime maluerit quantum debitor
3350 1807 5193 1950 ipse jurabit secundum conscientiam suam similiter . Quod si quesitor
3349 1916 5211 2066 decime voluerit et valuerit debitorem convincere per testes
3343 2009 5203 2177 stabitur probationi testium . Procuravi etiam multo labore
3337 2142 5204 2278 meo et sumptu quod cum in tempus meum non redderent debito
3339 2240 5192 2379 res decime pro decima vinum de pressoragio modo reddent
3333 2325 5188 2481 mihi tale vinum pro decima quale est illud quod ipsi retinent sibi
3315 2440 5185 2576 et reponunt in doliis suis . Hanc decimam querit major
3341 2537 5196 2680 Sancti-Mauritii feodaliter cum clerico illius qui habet eam a Ca
3333 2636 5184 2786 pitulo et habet cotidie quamdiu equitat pro querenda deci
3326 2749 5155 2895 ma iii denarios et obolum pro sua procuratione et ad equum suum fer
3326 2859 5165 3001 randum toto tempore vindemiarum vi denarios tantum et in Loeno
3327 2943 5153 3115 dimidium modium avene et de decima unum modium vini . Ex hoc de
3336 3058 5195 3210 beo annuatim Matutinis in Nativitate beati Johannis pro
3322 3178 5181 3316 una medietate decime xii libras et pro altera xxxiiii libras.
3282 3260 5179 3413 Item apud Fontanas in precaria xv herbergamenta ; sed
3330 3366 5175 3518 modo ibi non sunt nisi ix hospites quorum non omnia sunt herberga
3307 3479 5228 3640 ta sed omnia herbergabuntur quando illi qui tenent ea per me co
