6177 4568
893 464 2820 621 ab apostolica sede benigne fuerit indultum ut nulli liceat contra privilegia ip
907 598 2822 735 sius ecclesie nisi super hoc speciale habuerit apostolice sedis mandatum ali
914 708 2798 836 qua temeritate venire libera ipsis facultate concessa servos et ancillas suas
919 821 2788 956 qui contra eos occasione communie vel cujuscumque rebellionis venire pre
909 929 2800 1056 sumpserint ad servicium proprium revocandi ac compositione que inter ip
898 1024 2786 1162 sos episcopum et Capitulum ecclesie Carnotensis super precariis de Normannia de
914 1132 2809 1275 Masengeio de Ungreio et de Alversio et super preposituris de Nongento de Fon
921 1244 2790 1366 taneto de Amilliaco et de Belsia amicabiliter intervenerat et fuerat redacta
913 1350 2823 1474 in scriptis auctoritatis apostolice munimine confirmata et eisdem indulto ne sub
911 1453 2826 1575 seculari judice nisi in causa possessionum que seculariter possidentur vel cum re
921 1559 2793 1688 us exceptiones suas contra eos sub eis coram quibus convenitur legiti
916 1662 2773 1791 me voluerit comprobare ipsi vel eorum aliquis respondere cogatur ; ad
908 1752 2775 1891 instantiam dilecti filii nostri R[adulfi] Carnotensis canonici qui in promovendis
917 1874 2804 2002 negociis ecclesie sue oportune et importune non destitit laborare ne que a nobis
909 1984 2807 2118 ipsis indulta sunt vel nostrarum litterarum munimine roborata temeritate cu
918 2089 2790 2215 juslibet in irritum valeant revocari per vestre discrecionis studium ipsi ecclesie
925 2201 2811 2327 voluimus paterna sollicitudine precavere ; ideoque discretioni vestre per apostolica
906 2302 2825 2430 scripta mandamus quatinus que premissa sunt facientes auctoritate nostra irre
918 2402 2816 2526 vocabiliter observari contradictores si qui forsitan apparuerint nisi ad ad
918 2499 2809 2637 monitionem vestram a sua nequitia duxerint desistendum ecclesiastica distric
915 2606 2821 2745 tione appellatione postposita feriatis et faciatis donec resipuerint ab omnibus
906 2709 2797 2845 arctius evitari nullis litteris obstantibus harum tenore facito si que
901 2800 2823 2957 apparuerint a sede apostolica impetrate . Datum Laterani xiii kalendas julii ponti
911 2922 1654 3042 ficatus nostri anno quinto . »
916 3019 2590 3143 « Celestinus episcopus servus servorum Dei
913 3118 2835 3255 dilectis filiis Decano et Capitulo Carnotensi salutem et apostolicam benedictionem . Justis pe
923 3231 2807 3345 tentium desideriis dignum est nos facilem prebere consensum et vota que
910 3328 2839 3467 a rationis tramite non discordant effectu prosequente complere . Eapropter di
923 3443 2821 3593 lecti in Domino filii vestris justis postulationibus grato concurrentes assensu,
3343 470 5253 618 auctoritate vobis presentium indulgemus ut nullus vos vel aliquem vestrum ad ju
3334 601 5222 746 dicium pertrahat seculare nisi ratione feodi vel alterius secularis cujuslibet
3329 722 5199 853 possessionis super aliquo quod ad eam pertineat aliqua causa vertatur vel ali
3350 824 5215 965 quis a vobis coram judice seculari conventus in ejusdem presentia excepti
3351 932 5211 1056 ones quas contra vos proposuerit voluerit comprobare . Statuentes ut si ali
3346 1040 5204 1164 quis contra hanc apostolice sedis indulgentiam venire presumpserit licitum
3334 1138 5221 1280 vobis sit in ipsum ecclesiastice districtionis sententiam appellatione postposita
3326 1245 5198 1383 promulgare . Nulli igitur omnino hominum liceat etc . . . . . .
3325 1556 5221 1702 Datum Laterani xiii kalendas julii pontifica
3338 1660 5015 1796 tus nostri anno quinto . »
3388 1842 5220 2013 « Celestinus episcopus servus servorum Dei dilectis filiis Decano et Capitulo Car
3331 1982 5177 2122 notensi salutem et apostolicam benedictionem . Cum a nobis petitur quod justum est et honestum
3321 2093 5200 2233 tam vigor equitatis quam ordo exigit rationis ut id per sollicitudinem officii
3307 2196 5191 2333 nostri ad debitum perducatur effectum . Eapropter dilecti in Domino filii vestris justis
3327 2305 5201 2434 postulationibus apostolicum impendentes assensum presenti pagina dis
3332 2398 5175 2525 trictius inhibemus ne quis jura archidiaconatuum ecclesie vestre minue
3329 2507 5208 2638 re vel perturbare presumat aut decanatus sive ecclesias ad ipsorum archidi
3322 2603 5188 2743 aconorum institutionem vel presentationem spectantes archidiaconis qui
3301 2716 5173 2845 pro tempore fuerint suum non impercientibus assensum concedere vel do
3322 2809 5203 2954 nare vel alias alienare vel ecclesias ipsas vel earum presentationem cujuscumque
3310 2909 5165 3049 persone gracia vel ecclesie sine assensu Capituli Carnotensis attemptet . Statu
3322 3027 5199 3141 entes ut si contra hanc nostram inhibitionem factum fuerit illud viribus
3317 3138 5174 3259 careat et penitus non servetur . Nulli ergo omnino hominum etc . . . . . . . . .
