6007 4500
3286 2133 5115 2298 « In nomine Patris et Filii et Spiritus Sancti amen . Ego Tet
3299 2251 5142 2396 baldus palacii comes precepi litterarum tenaci memoriæ
3311 2353 5111 2495 tradi et sic notum fieri posteris sanctæ Dei æcclesie fidelibus
3309 2455 5105 2594 atque nostris quod in presentia multorum facio et a quibuslibet
3306 2552 5115 2701 videri vel audiri volo . Quia enim injuste et nulla juris
3298 2651 5122 2799 nostri repetitione premissa mancipaveram mihi et æcclesiæ Sancti-
3304 2752 5147 2899 Martini per manum Guillelmi prepositi et aliorum fidelium
3302 2855 5177 3000 nostrorum servos atque ancillas qui nati sunt ex conjugio ser
3311 2957 5083 3091 vorum Sanctæ Mariæ Carnotensis æcclesiæ et ancillarum nostrarum et
3286 3050 5169 3198 æcclesiæ Sancti-Martini vel e converso venit ad me Gaufridus
3295 3154 5183 3316 episcopus decano et aliis qui busdam personis æcclesiæ sibi adhi
3279 3259 5226 3406 bitis humiliter postulans ut sicut anno introitus Arraldi
3295 3358 5151 3507 episcopi et supra quietam possessionem servorum et ancillarum ex tali con
3278 3445 5259 3644 jugio habuerat Carnotensis æcclesia ita sibi habendam perpetuo redderem
