6177 4568
886 438 2757 610 dinoscitur sub Lexoviensis ecclesie et nostra protectione suscepimus eique jure perpe
889 584 2753 728 tuo possidenda concedimus scriptique presentis valituro in perpetu
884 695 2729 838 um munimine confirmamus . In quibus sane certum est quedam
870 802 2767 944 de jure seculari in jus ecclesiasticum largitione principum con
891 909 2732 1034 cessa devotione consecrata laudabili
889 1011 2768 1137 in defensionem ecclesie tanquam res ecclesiasticas pertransisse . Quedam
875 1118 2749 1253 vero sunt que ab ipsa fidei christiane fondatione specialius ad jus
883 1226 2738 1363 ecclesiasticum pertinere noscuntur ideoque specialius ad episcopalem
871 1338 2771 1474 pertinet potestatem ut ea scilicet affectuosius ecclesia protegat quia
873 1435 2742 1576 ad eam magis proprie spectant privilegio singulari . Utraque igitur
880 1550 2718 1681 bona predicte sancte Carnotensis ecclesie presentis scripti pagina con
878 1645 2711 1785 firmamus data in eos nimirum excommunicationis sentencia qui
869 1757 2745 1897 tam sancte constitutioni nostre presumpserint qualibet malicia
860 1873 2745 1989 contraire . Ex quibus quedam que omni jure necesse est ecclesia
867 1975 2755 2108 stica reputari propriis duximus exprimenda vocabulis : ecclesi
861 2082 2716 2205 am Sancti-Taurini de
865 2184 2753 2314 Anglicavilla ecclesiam Sancti-Martini de Runcevilla ecclesiam Sancti-
860 2293 2764 2426 Juliani-super-Carlonam ecclesiam Sancti-Petri de Altaribus capellam
858 2394 2744 2525 Sancti-Nicholai in eadem villa . Has igitur ecclesias sicut ab antiquis
846 2495 2727 2628 retro temporibus a sancta Carnotensi ecclesia possesse fuerunt eidem haben
858 2600 2725 2732 das in perpetuum concedimus et confirmamus cum omnibus perti
864 2704 2726 2831 nentiis suis ut cum vacaverint presentationes habeant sa
851 2805 2733 2937 cerdotum et in ecclesiis ipsis cuncta percipiant que eam ibi ab anti
859 2904 2712 3044 quo certum est percepisse salvo nimirum ecclesie Lexoviensi et nobis omni ju
854 3013 2726 3151 re episcopali et sacerdotibus qui in eis ministraverint jure parrochia
868 3113 2721 3244 li, in omnibus scilicet beneficiis que tam isti quam predecessores e
859 3223 2657 3361 orum usque ad tempora nostra in omni jure et beneficio perceperunt. »
3246 1318 5139 1456 « Rotrodus Dei gracia Ebroicensis ecclesie humilis minister omnibus fi
3259 1418 5151 1563 delibus tam presentibus quam futuris salutem in Domino . Notum et scripto
3241 1526 5141 1661 nostro ratum esse volumus quod ecclesias de Illeiis ecclesie Sancte-Marie
3259 1635 5145 1769 Carnoti et monasterio Sancti-Petri Carnoti utriusque ecclesie jure cognito con
3262 1741 5122 1878 cessimus quiete in perpetuum possidendas eo tenore ut predicte
3247 1846 5119 1978 ecclesie Sancte-Marie et Sancti-Petri totam decimam habeant excepta
3260 1964 5101 2087 decima terre quatuor carrucarum quam monachi de Strata co
3251 2062 5118 2196 lunt quarum decimam idem monachi donatione nostra et aucto
3261 2173 5135 2300 ritate sibi quietam defendunt et excepta tercia garba de Vile
3262 2268 5093 2414 ta et de feodo qui dicitur Jerosolimitanorum quam ad opus presbyterorum
3251 2383 5099 2511 de Illeiis detinuimus que antea erat eorumdem sacerdotum .
3256 2484 5125 2607 Siquidem canonici Sancte-Marie et monachi Sancti-Petri annuatim da
3262 2575 5109 2710 bunt presbyteris de Illeiis pro messione quinque modios tres scilicet de
3259 2679 5151 2806 hybernagio et unum de ordeo et alterum de avena . Porro dece
3253 2787 5124 2914 dentibus presbyteris presentationem subrogandorum ecclesie Beate-Marie et
3251 2890 5169 3016 Sancti-Petri concessimus et duas partes lane et duas partes candelarum
3261 2988 5161 3120 in his videlicet quinque festis : in Pascha in festo Omnium-Sanctorum in Na
3253 3095 5129 3232 tale Domini in Purificatione beate Marie et ejus Assumptione . Re
3262 3205 5105 3330 liqua autem que altario pertinent sicuti agnos et porcellos et de
3261 3310 5118 3446 cimam lini et chanvre jure sacerdotali presbyteri sibi habeant et deci
3267 3407 5131 3578 mam vini vinearum que tunc erant in parrochia illa quando
