6075 4500
864 444 2784 624 nos neque successores nostri reges neque omnino aliquis preter Carnotensem
883 581 2787 732 episcopum in predicta villa aliquid capere presumat . Et eandem vil
891 695 2740 847 lam in nostra tuitione et defensione suscepimus . Quod ut perpetue
861 807 2772 953 stabilitatis optineat munimentum scripto commendari et sigil
867 913 2768 1052 li nostri auctoritate et nominis nostri karactere roborari precepimus .
874 1010 2729 1148 Actum Parisius in palatio nostro publice anno incarnati Verbi
865 1119 2754 1261 MºCºXXXVIIº regni nostri xxixº Ludovico filio nostro in rege subli
860 1226 2743 1369 mato anno iiiiº .
872 1331 2485 1456 « In nomine sancte et individue Trinitatis ego
868 1438 2743 1590 Ludovicus Dei gracia Francorum rex omnibus tam futuris quam pre
859 1536 2727 1689 sentibus notum fieri volumus quod Goffridus Carnotensis episcopus,
861 1638 2738 1794 Berneerium tociusque generis sui familiam super quos ser
842 1763 2767 1887 vitutis calumpniam imponebamus in curia sua dictante
849 1862 2695 1997 justicia et juditio in servos suos disrationavit . Cui videlicet
854 1977 2722 2115 juditio et veritati nos adquiescentes supradictos homines
856 2069 2711 2205 tam sihi quam omnibus ejus successoribus in perpetuum concessimus .
853 2164 2722 2312 Hoc autem ne per succedentia tempora possit oblivione deleri
857 2287 2751 2428 aut a posteris infirmari scripto commendavimus et sigilli nostri
850 2392 2719 2504 auctoritate ac nominis nostri karactere firmavimus . Anno in
842 2488 2747 2620 carnati Verbi MºCºXXIXº regni nostri xxº . Datum per manum Symonis cancellarii . »
823 2587 2733 2726 « In nomine sancte et individue Trinitatis amen .
828 2697 2714 2833 Quoniam omnes Dei fideles a pervasione rei alte
835 2795 2723 2928 rius christiane cohibet regula discipline et
843 2899 2705 3042 summa iniquitas est preripere bona venera
835 3004 2745 3144 bilibus personis et locis deputata iccirco ego Theobaldus Blesensis co
826 3111 2698 3252 mes regni Francie procurator ad noticiam tam futurorum quam
813 3209 2690 3356 presentium scripto mandare curavi quod dictum erat mihi terram
813 3325 2751 3456 de Bussiaco esse de feodo meo . Perinde causam movens in curia re
805 3426 2735 3586 gis Ludovici de eadem terra contra episcopum Carnotensem Robertum
3334 479 5193 691 conventus a rege et adjuratus per fidelitatem ei debitam ne vexa
3325 623 5212 786 rem episcopum et ecclesiam si non cognoscerem in illa terra jus meum
3337 727 5175 899 infra terminum placiti per multam et diutinam inquisitionem
3336 836 5209 1003 a fidelibus meis et hominibus et servientibus edoctus nullum ibi re
3330 947 5186 1112 periens jus meum eandem terram ad jus Carnotensis episcopi pertine
3320 1040 5194 1217 re cognovi . Cum igitur in Natali Domini ad curiam gloriosi regis
3316 1152 5170 1318 Ludovici Stampis convenissemus ne fieret mihi in peccatum si ex
3304 1263 5209 1417 eo quod querelam inde moveram aliquis in posterum occasionem habe
3301 1359 5179 1517 ret aliquod impedimentum in jus ecclesie movere assistente ibi
3307 1458 5180 1638 Roberto pontifice coram rege et multiplici baronia protestatus
3310 1569 5196 1739 sum me in terra de Bussiaco nichil juris habere et ita placitum
3296 1675 5148 1849 dimisi et episcopum jus suum in pace possidere et litteris et sigilli mei
3295 1781 5147 1943 auctoritate et testibus subscriptis precavere curavi ne veniret
3293 1892 5143 2053 in detrimentum ecclesie quod inde causam moveram et ideo tam
3291 1998 5184 2155 sollempniter post certissimam inquisitionem placitum refuta
3299 2109 5160 2271 vi et jus suum episcopo et ecclesie dimisi . Actum publice Stampis anno
3309 2212 5167 2381 ab incarnatione Domini MºCºLVIº . »
3300 2308 5131 2483 « In nomine sancte et individue
3289 2417 5172 2577 Trinitatis Patris et Filii et Spiritus Sancti amen . Ego Henricus comes cognomine Stephanus necnon
3280 2519 5156 2675 et Adela uxor mea cum filiis nostris notum fieri volumus omnibus
3291 2618 5145 2780 sancte Dei ecclesie fidelibus tam laicis quam clericis presentibus et futu
3286 2724 5165 2872 ris quia Ivo humilis Dei servus venerabilis Carnotensis ecclesie
3279 2820 5144 2994 episcopus presentiam nostram adiit et a nobis obnixe postulavit quatinus
3269 2919 5138 3092 domum pontificalem domum scilicet quam ex lignea lapideam
3279 3037 5147 3195 ex vili reddidit speciosam ab illa prava consuetudine quam
3272 3137 5153 3303 predecessores nostri et nos habuimus in ea huc usque liberam esse con
3265 3244 5122 3411 cederemus ne scilicet episcopis ab hac vita migrantibus vel aliqua
3268 3346 5173 3503 occasione decedentibus prefata domus dissiparetur ne quid fer
3248 3455 5163 3645 ri vel plumbi vel vitri vel ligni vel lapidis absportaretur vel
