6075 4500
829 493 2714 646 monachis Sancte-Marie de Josaphat in elemosinam dedit pro anni
833 620 2716 745 versario suo similiter faciendo . Ceterum supradicti Amarri
835 727 2689 867 cus et uxor ejus tam donationem suam quam ipsius decani dispositio
834 843 2726 982 nem ratam permanere volentes ad altare sacrosancte Virginis ac
844 947 2709 1082 cesserunt et per oblationem unius cultelli super idem altare po
837 1053 2696 1181 siti donationem quam prius in capitulo fecerant confirmaverunt
854 1158 2717 1289 multis ad hoc videndum et audiendum convocatis prestito etiam
858 1264 2686 1400 super idem sacrosanctum altare sacramento quod donationem istam
856 1372 2698 1509 quamdiu viverent garandirent et nunquam de cetero per se vel per
856 1477 2710 1613 alios immutare aut irritare presumerent . Hoc idem concessit
836 1579 2769 1710 et fide interposita se firmiter observaturum promisit Ebrar
851 1683 2712 1825 dus primogenitus eorum filius et quatuor ejusdem Ebrar
859 1792 2700 1928 di sorores : Ysabelis scilicet Petronilla Philippa et Margarita . Hoc idem concessit Germundus concanonicus noster sepedicti A[marrici] militis frater et quatuor ejusdem G[ermundi] sorores : Ysabelis Aelina Eustachia et Beatrix . Hujus quoque rei
845 1899 2711 2035 testes et fidejussores etiam fide interposita sunt milites isti :
851 2002 2730 2142 Raginaldus Cholet Robertus de Carnoto Hugo de Fai . Dedit
859 2114 2725 2242 preterea sepedictus A[marricus] miles in contraplegium reliquam partem
851 2212 2755 2340 decime quam tenet a decano in feodum ita tamen quod Germun
844 2324 2746 2446 do fratri ejusdem A[marrici] militis nihilominus liceat partem illam decime
868 2436 2746 2564 quam modo tenet libere et pacifice cum omni integritate fruc
860 2518 2729 2653 tuum possidere . Actum in capitulo anno gracie millesimo CCºIIIº mense februario . Quod ut
874 2615 2795 2751 ratum permaneat et inviolabiliter observetur presentem paginam sigilli Beate-Marie fecimus impressione muniri . »
919 2712 2754 2851 « G[aufridus] decanus et universitas Capituli Carnotensis et Robertus comes
853 2821 2722 2958 Drocensis omnibus ad quos littere iste pervenerint in Domino salutem .
832 2919 2754 3068 Noverint universi tam presentes quam futuri quod inter nos
858 3038 2729 3170 et comitem Robertum super mansione de Firmecort cum adjacen
842 3137 2727 3273 tibus sibi officinis de communi assensu limitata et terra quadam
860 3242 2717 3364 que est inter fossata de Firmecort et Mosterellium que omnia et
872 3344 2722 3476 pater ejus et iste injuste occupaverat amodo a nobis tenebit cum
857 3446 2759 3597 pratis ejusdem ville ad decaniam pertinentibus in hunc modum
3235 471 5120 638 pacis convenimus . Predictus siquidem comes pro pace et amore ecclesie
3226 607 5075 748 Carnotensis et ad recognitionem predictorum que omnia a nobis tenet ni
3226 714 5107 861 chil amplius de nostris occupaturus annuatim in festo sancti Remigii
3242 830 5074 965 quinquaginta solidos drocensis monete in prepositura sua nobis assigna
3243 936 5102 1075 vit aut procuratori nostro libere persolvendos ; et tam presens prepositus quam qui
3238 1043 5078 1175 cumque et quotiens ei in prepositura successe rint fidelitatem no
3238 1148 5086 1274 bis faciet de predictis denariis prefixo termino persolvendis . Quod
3226 1245 5054 1384 si prefatus prepositus predictos denarios prefixo termino solve
3236 1353 5064 1478 re noluerit vel distulerit comes vel successor ejus nobis tenebitur
3236 1459 5066 1601 ejus supplere defectum . Nos autem requisiti ab eodem comite ei
3231 1561 5100 1694 concessimus ut in predicta terra que est inter fossata Firmecu
3241 1670 5091 1802 rie et Mosterellium capellam edificet : prior autem qui pro tempore
3244 1767 5134 1914 eidem capelle prefuerit de justiciis nostris fideliter observandis
3233 1871 5102 2022 nobis fidelitatem faciet . Actum est hoc Carnoti in capitulo ecclesie Carnotensis anno gratie MºCºLXXXº
3250 1993 3897 2129 VIIº pridie nonas februarii ; Quod ut ratum et firmum inviolabiliter in posterum observetur presentem paginam sigillorum nostrorum munimine precepimus roborari . »
