6007 4500
892 3035 2661 3202 « Ursio dominus Mereville domini Regis Francie
827 3142 2662 3288 camerarius omnibus ad quos littere iste pervenerint salutem .
813 3254 2692 3404 Noverint universi presentis scripti paginam inspecturi
828 3360 2684 3506 quod venditiones terre Beate-Marie Carnotensis que est apud
809 3455 2705 3632 Fromundivillare et Perveirecort omnino proprie sunt ejus
3312 461 5193 621 dem ecclesie Carnotensis . Quod ut ratum et inconcussum in posterum
3314 597 5117 745 permaneat sigilli mei impressione fecimus roborari . »
3394 802 5176 939 « Henricus Carnotensis
3309 915 5141 1075 archidiaconus omnibus Christi fidelibus presentes litteras inspecturis
3312 1028 5172 1169 in Domino salutem . Noverint universi presentes pariter et futuri
3320 1131 5131 1261 quod jurisdictionem ecclesiasticam quam tam in villa de Gardeis
3318 1233 5178 1369 quam in burgo monachorum Tyronensium habemus ad nos tempora
3319 1339 5158 1484 liter quamdiu in partibus illis prebendam nostram habebimus
3327 1437 5185 1585 non de jure archidiaconatus Carnotensis sed de jure Capituli Car
3317 1552 5210 1689 notensis pertinere . Quod ut memoriter habeatur memorato Ca
3306 1657 5178 1796 pitulo Carnotensi presentes dedimus litteras sigilli nostri mu
3317 1760 5142 1902 nimine confirmatas . Datum anno gracie MºCCºXIIº mense
3325 1866 5227 2020 augusto . »
