5436 4080
776 622 2668 813 En non de nostre seignor Jhesucrist amen . En l’an de l’incarnation
763 786 2671 979 d’icelui mil dous cenz sexante et dix et sept ou mois d’avril nos de
758 905 2672 1075 sux nommé ceu est a savoir Henriez diz Morez fiz au mugot de Neelles
767 1021 2644 1205 Colas de Colomex qui fu fiz Jehan le Maire Estevenins li Fornex de
774 1162 2625 1379 Neelles Jaques Vauterinz et Jehans anfant deu dit Estevenin Renauz
774 1320 2669 1457 fiz Tireaul Haubers et Raous frere dou dit Renaut Tyreaul façons savoir
769 1441 2671 1576 a touz ces qui verront et orront ces presantes letres que comme nos haions retenu
769 1543 2680 1700 a mooison de Jehan escuier seignor de Neeelles trois charrues de buef ceu est
779 1668 2690 1846 a savoir nos li diz Henriez Morez Colas de Colomex une charrue et nos
797 1793 2702 1936 li diz Estevenins li Fornex Jaquoz Vauterins et Jehanz anfant d’icelui une
798 1907 2695 2071 charrue et nos li diz Regnauz Tireaul Aubers et Raous frere d’icelui
792 2031 2633 2186 une autre charrue jusque au termine de cinc anz continuemant
805 2166 2699 2329 venanz ensi commil est cotenu en unes letres sealées dou seau de la cort
783 2287 2647 2473 mon segnor leu duc de Bergoigne est tex li acorz entre nos et leu
801 2421 2639 2607 dit Jehan seignor de Neelles que les dites cinc années trespassées
800 2569 2674 2715 se nos ou li diz Jehanz de Neelles ne voliens tenir ou avoir l’amoise
802 2675 2674 2822 nemant li uns vers les autres nos qui havons retenu lou dit
794 2800 2728 2949 amooisenemant devons leu dit amooisemant laissier randre audit
810 2892 2727 3057 Jehan ou a son commandemant et delivrer fuerre de quoi li buef soient
797 3001 2693 3208 yverner des lors que buef vient a croiche jusque le premier jour
2952 634 4769 784 de may . Et prometons por nos sairemanz donez corporelmant sux sainz
2956 761 4804 929 Evangiles et sor l’orbligemant de touz nos biens presenz et a venir en quel
2949 878 4779 1045 que leu qu’il soient ou porroie estre trové leu dit acort tenir et
2937 1029 4772 1198 garder et faire ce qui est contenu ou dit acort et en ces letres
2939 1146 4793 1312 sanz corrumpre et sanz aler ancontre par nos et par noz hoirs les quex
2937 1291 4771 1421 nos obligons especialmant a ceu . Et a plus grant seurté de ce et de
2921 1403 4823 1545 garder lealmant les diz bues nos desux nommé Henriez et Colas qui havons
2936 1519 4804 1655 la premiere charrrue en obligons et estaublissons au dit Jehan seignor
2931 1622 4837 1790 de Neelles Euvrart d’Ele borjois de Neelles Parisot Bichot Guillau
2943 1738 4730 1920 me le Bornet fiz a la Bille le Malemelen frere de moi dit Henriet
2935 1885 4790 2033 Renaut Tireaul et Jehan lo Gouz fiz au bordoillier ploiges et doz chascun
2916 1996 4839 2172 de la sexte partie et de toute de la premiere charrue . Et nos sex desux
2918 2144 4798 2297 dit a la requeste a la requeste de dit Henriot et Colas nos obligons en la
2919 2258 4816 2425 main de dit Jehan seignor de Neelles ploige et det chascuns de la sexte
2910 2396 4793 2567 partie et deu tout . Et nos dit Estevenins Jaquez et Jehanz frere
2926 2525 4797 2681 de la secunde charrue estaublissons et obligons Droet dit fil Droin
2918 2642 4806 2778 Venneeaul Henriot fil Poincet Parisot Broichet Renaut Tireaul et le
2906 2750 4779 2898 dit Colas ploiges et det chascuns de la quinte partie et deu tout . Et
2892 2872 4801 3010 nos Droiz Henrioz Parisoz Renauz et Colas a la requeste des desux
2882 2966 4774 3139 diz nos obligons en la main deu dit Jehan seignor de Neelles
