5436 4080
513 604 2628 786 Perrins li Vaichiers por celi vigne que toche d’une part a la dite vigne Adelinete
517 725 2155 875 et d’autre part a la vigne Girart Mochous doit une maaille .
531 848 2632 989 Girarz Mochous por celi vigne qui toche d’une part a la dite vigne Perrin Vaichier
539 926 1837 1082 et d’autre part a la vigne Antoine Cornet doit .
497 1019 2634 1206 Li maitres del Caillier por lor vigne de champ Reont que fu Pierre Chabet
535 1111 2659 1285 et toche d’une part a la vigne et d’autre part a la vigne
509 1236 1492 1340 Antoine Cornet doit un denier .
528 1257 2663 1489 Henriéz Masnie por sa vigne de champ Reont que toche d’une part a la vigne
502 1375 2672 1590 Adelinete de Corbeton et d’autre a la vigne Robelin dit Moine doit une maaille .
510 1511 2637 1699 Micheloz Choigaiers por la moitié de cele maismes vigne doit une maaille .
505 1611 2646 1827 Herbelens li genres Guillemin por sa vigne que toiche d’une part a la vigne
493 1733 2678 1940 Adelinete de Corbeton et d'autre part a la vigne Perrin lou Vaichier doit un denier .
469 1877 2660 2032 Girarz d’Ambede por sa vigne de champ reont que toche d’une a la vigne Henrier
462 1961 2514 2126 Masme et d’autre part a la vigne Andrier Chabet doit un denier .
492 2082 2564 2210 Andriers Chabez por cele vigne que toche d’une part a la dite vigne Girart
458 2162 2504 2310 d’Ambede et d’autre part a la vigne Symon de Corbeton doit un denier .
468 2263 2611 2385 Symonz de Corbeton por cele vigne que toche d’une part a la dite vigne Andrier
469 2333 2289 2487 Chabet et d’autre part au desert de Fontenoy doit un denier .
475 2457 2661 2601 Jannez de Montbar li monniers por sa vigne de champ reont que toche d’une part
448 2530 2680 2659 a la vigne Jehan dit Maire et d’autre part a la vigne Regnaut le Boitous un denier .
456 2666 2677 2827 Girardins Bormant por une que toche d’une part a la dite vigne Jannet
458 2763 2688 2902 Monnier et d’autre part a la vigne de l’escheoite Thiebaut leu Maire une maaille .
462 2861 2651 3033 Perreaus de Corbeton li maires por sa vigne de champ Reont que toche d’une part
457 2980 2643 3127 au desert Perrin lou Gras et d’autre part au desert Girart Truchet un denier .
463 3074 2631 3296 Perrins li Gras por celui desert que toche d’une part a la dite vigne Perreal
475 3219 2645 3404 lou Maire et d’autre part a l’escheoite Thiebaut lou Maire doit une maaille .
454 3338 2565 3511 Gellebers Pomere por sou desert de Vaudreie que toche d’une part au desert
472 3445 2649 3618 aus moines de Monbar et d’autre part a la plante Perrin Pochet une maaille .
3342 570 3633 690 Corbeton
2711 636 5012 790 Mehauz la fille Perrin Pochet por sa plante de Vaudree que toche d’une part au desert Gellebert
2719 753 4561 880 Pomete et d’autre part ala comme Michial Pahir doit un denier .
2716 817 4939 977 Perrins Vaichier por son desert de Vaudree qui toche d’une part au desert Gellebert
2727 913 4727 1041 Pomete et d’autre part au desert Adeline Rifolasse doit un denier .
2725 993 5044 1166 Adeline Rifolasse por celui desert que toche d’une part au dit desert Perrin Vachier
2731 1090 4458 1218 et d’autre part a un desert deu taillier doit une maaille .
2723 1172 5036 1355 Cil deserz del taillier que toche d’une part au dit desert Adeline Rifolasse et d’autre
2740 1275 4236 1433 part au desert Michial Pahir doit une maaille .
2726 1342 5016 1550 Michiax Pahuz por son desert qui toche d’une part lou desert Adeline Rifolasse
2729 1453 4323 1636 et d’autre part est sux la riviere doit une maaille .
2740 1542 4984 1749 Cele vigne que fu Jehan lou fil au maire dont li contenz est doit trois deniers .
2731 1666 4953 1831 Symons de Corbeton por son desert de Vaudree que toche d’une part a la voie de
2747 1722 4583 1893 Fontenoy et d’autre part toche est sux la riviere doit un denier .
2735 1798 5000 2015 Perrinez Brilles por son champ des lanieres qui est d’une part sux lou chemin de Fon
2751 1919 4923 2092 tenoy et d’autre part toche au desert Symon de Corbeton doit six deniers .
2730 1993 4984 2183 Duranz Luisanz por son champ de la laniere qui toche d’une part au desert Symon de
2746 2089 4626 2255 Corbeton et d’autre part au champ Michial Pahu doit un denier .
2740 2176 5028 2349 Perrenoz Petiz por so champ de la laniere qui est sux lou chemin de Fontenay d’une
2738 2271 4816 2449 part et d’autre part toche au champ Pierre lou Gras doit trois deniers .
2763 2394 5010 2550 Jehanz li fiz Perin lo Maire por sou champ qui d’une part contorne sux lo fornial
2751 2470 4592 2653 et d’autre part sux lou chemin de Fontenoy doit dous deniers .
2736 2584 4949 2754 Pasquete de Corbeton por sa vigne que toche a la comme as mesiaus et por
2759 2660 4671 2845 son champ del fornial au chemin des Alemanz doit un denier .
2761 2750 5004 2940 Et por son desert qui fu Robin qui est sux lo chemin del bois d’une part et d’autre
2754 2860 4321 3013 part toche au champ es mesiaus doit un denier .
2764 2960 4993 3127 Li mesiaul por lor desert delez les forches d’une part et d’autre part et d'autre
2733 3056 4630 3202 part delez lo desert qui fu Robin doivent dous deniers .
2729 3104 4965 3284 Li mesiaul por lor champ qui fu as Tointuriers et contorne d’une part sux la
2744 3193 4851 3383 voie de lor bergerie et d’autre part sux lo chemin de Corbeton un denier .
2714 3287 4919 3446 Li mesiaul por lor champ qui fu Durant Luiant qui est rouer a roie deu dit champ
2732 3375 4907 3520 as Tointuriers doivent un denier . Li mesiaus por la comme que fu Anseaume
2731 3455 4903 3610 le Poiz et contorne sux la voie de lor bergerie et toche de l'autre part a la
2737 3543 4098 3674 vigne Pasquete de Corbeton doivent trois deniers .
