5436 4080
822 714 2787 947 an nostre presence estaublie mes sires Esteynes Bou
809 874 2746 1081 jons chevaliers nostre feaux at reconeu devant
792 1052 2763 1240 nos que il at mariée Gertrui sa fille a Jehant
802 1194 2717 1405 de Neelles qui fu filz mon signor Andrier de
770 1338 2721 1554 Neelles heritaublement por prendre son droit
781 1516 2779 1705 an toux les biens celui Esteyne que il at et que il
791 1650 2786 1859 attent a avoir anvers touz les hoirs celui Esteine
779 1835 2728 2006 qui sunt et qui avenir sunt ; et at reconeu cil
766 1985 2713 2163 Esteines per devant nos que il at donei a celi
771 2126 2762 2321 Gertrui quatre vinz livrées de terre a dige
780 2267 2722 2491 nois des queles il li doit asseoir maintenant
765 2460 2756 2617 quarante livrées et les autres quarante
690 2614 2763 2791 livrées a la premiere escheoite que venrat an
772 2767 2770 2948 descendant . Toutes ces choses cil Esteines at ou
746 2927 2771 3118 troiiés et donées a sa fille heritaublement as
3020 768 4890 966 bons us et as bones costumes de Borgoigne si cum il
3036 924 4904 1157 at reconeu devant nos . Apres cil diz Jehan at re
3021 1086 4939 1291 coneu per devant nos que il at douhée celi Gertrui
3022 1246 4936 1427 sa femme as bons us et as bones costumes de Bor
3014 1382 4910 1583 goigne . El tesmoignaige de la quel chose per la
3020 1527 4918 1717 requeste de l’une partie et de l’autre nos avons
3012 1691 4937 1862 fait metre nostre seel an cels presentes letres .
3037 1836 4880 2036 Ce fu fait an l’an de grace m . cc . et cin
3004 1992 4854 2194 quante quatre el mois de novembre .
2978 2297 4961 2662 In nomine Domini amen . Anno Incarnationis ejus
3012 2617 4908 2843 dem millesimo ducentesimo quinquagesimo nono
3000 2769 4896 3000 mense maii ego Stephanus Boujons miles no
3004 2946 4884 3136 tum facio omnibus presentes litteras inspecturis
