5436 4080
711 653 2590 855 vint livres de la monoie corrant an Borgoigne que le
706 825 2581 1008 dit honme de l’eschenge devoient audit Jehant de Neelles
709 969 2609 1174 chascun an lou jour de feste saint Remei ; que de ces vint
691 1121 2555 1329 libres li dit honme ont fait au dit Jehant trente livres
688 1281 2592 1453 de cele maisme monoie ; et se les dites trente livres ne estoi
694 1424 2562 1600 ent payés audit Jehant ou a ses hoirs ou a lour certain
710 1583 2574 1786 comandement chescun an a Colonmers dedanz les octaves
709 1729 2527 1969 de la Saint Remei cels dites trente livres seroient
693 1879 2573 2088 quarante livres ; et pour les dites quarante livres
680 2038 2583 2264 se eles ne estoient payées dedanz les huit jours aprés
696 2195 2573 2381 ansiguanz li dit honme ont anloié an la main au dit Je
670 2335 2612 2547 hant et de ses hoirs aux maismes et touz lour biens moubles
671 2517 2605 2691 et non moubles an quelque leu que il seroient trovei pour
660 2672 2542 2871 paiier les dites quarante livres au dit Jehant au dit
680 2827 2563 3030 ou a ses hoirs ou a lour certain comandement ; et se il
654 2993 2613 3195 avenoit per aventure que li diz Jehanz ou sui hoir ou
2932 696 4802 865 lour comandemenz vendissent les choses as diz honmes
2919 847 4866 1022 por lou defaut del dit paiement tele vendue cum li diz Jehanz
2935 1004 4868 1163 ou sui hoir ou lour comandemenz an feroient li dit honme
2917 1159 4850 1333 et lour hoir sunt tenu del faire et del louher a cels a cui la
2939 1280 4845 1487 dite vendue seroit faite ; et li dit honme de l’eschenge ne
2943 1439 4828 1627 lour hoir ne se puient metre an la vile de Colonmiers ne el
2918 1588 4830 1795 finaige an autrui justise fors que an la justise Jehant et
2924 1777 4818 1938 a ses hoirs ; et li diz Jehanz ne sui hoir ne puient demander
2925 1920 4843 2105 autre justise as diz honmes que tele ne a lour hoirs ; cest a sa
2936 2076 4944 2243 voir que li dit honme del dit eschenge esliront chescun an lou jour
2912 2223 4847 2414 de la nativitei Saint Jehant Baptistre dous des proudonmes
2913 2377 4892 2556 del dit eschenge et cil dui proudonme eslehu tenront la justi
2929 2548 4917 2720 se de touz les honmes et de toutes les fenmes del dit eschenge ;
2920 2710 4856 2893 et cil dui proudonme doivent jurer Jehant ou a ses hoirs ou
2902 2859 4847 3049 a lour certain comandement an la vile de Colonmiers que il
2916 3042 4917 3232 a bone foi des amendes que venront per devant lour des diz
