5436 4080
761 579 2633 820 Hervier que il an antrast an la foi au dit Jehant ansic
784 777 2629 951 cum il an estoit an la foi au dit duc si cum nos avons
785 932 2624 1107 vehu as memoriaus seellez del seaul de nostre dit de
766 1071 2581 1279 vantier ; et del dit don nos monstrat li diz Jehanz
752 1225 2644 1428 les letres pendanz lou duc requeranz a nos que nos
752 1396 2548 1552 les dites letres li fesissiens tenir ; et nos de rechief
754 1552 2568 1721 ajornasmes lou dit Hervier a noz assises anseguanz
746 1694 2588 1864 a Vietial sauf les esploiz au dit Jehant por aler an
755 1846 2649 2038 la cause por tant cum raisons aporteroit ; as quels
750 2013 2572 2185 assises li diz Herviers ne vint ne anvoiat lou dit
731 2164 2596 2347 Jehant attendant tant cum il duit per devant nos
745 2320 2593 2515 an disant sa demande dessus nonmeie . Nos de rechief
729 2465 2560 2664 rajournasmes lou dit Hervier a autres trois assi
742 2620 2588 2856 ses ansiguans a Vietial per devant nos contre lou dit
710 2776 2600 2963 Jehant mandanz au dit Hervier que il venist des
717 2935 2628 3159 colper les deffauz per devant nos lou venredi devant Pasques
3003 600 4926 809 flories auquel jour il ne vint ne anvoiat ne ne des
3023 772 4849 964 colpat les deffauz lou dit Jehant attendant sic cum
3028 928 4879 1158 il duit . De rechief nos ajornasmes lou dit Hervier
2998 1078 4929 1279 lou mardi apres lou mois de Pasques per devant nos
3014 1234 4862 1408 a Vietial contre lou dit Jehant por oir droit sus
3000 1376 4866 1584 les deffauz au quel jour li diz Herviers ne vint
3019 1524 4906 1736 ne anvoiat lou dit Jehant present per devant nos
2995 1697 4884 1874 et requerant que nos li rendessiens droit sus les
3003 1833 4901 2045 deffauz et sus sa demande raasnie plusours foiz per
3004 1974 4881 2203 devant nos . Nos devant diz bailliz vehuz la de
3006 2095 4881 2356 mande et les deffauz seellez del seaul de nostre
2986 2321 4881 2526 dit devantier et de nostre seaul haianz deu de
3003 2483 4828 2686 vant nos yaus an nom del pere et del fil et del
2981 2630 4922 2836 saint Esperit pour les deffauz del devant dit Her
2983 2797 4839 3006 vier per lou conseil mon signour lou duc et
2975 2966 4810 3174 adroit avons mis lou dit Jehant an saisine
