5436 4080
722 655 2603 845 meniere que ce fust por chief del molin ce est a savoir por
721 830 2575 1002 trois sexteres de blef moitié froment moitié orge a la
722 981 2628 1152 mesure de Cheisteillon sus Seynne a paier chascun an au
720 1148 2629 1296 certain comandement del Temple as octaves de la Tous
719 1303 2568 1480 Sainz ; et est assise ceste dite censive sus tout lou dit
734 1431 2559 1613 molin ; et se il avenoit chose que li diz molins chesist
720 1598 2594 1789 an desert ou que il ne suffisast a paier chascun an la
736 1766 2653 1931 dite censive a la plus grant segurtey de paiier la dite
714 1896 2526 2064 censive au termine desus nonmei li diz Jehans lou
733 2036 2619 2224 defaut de ce que li diz molins ne porroit perfaire nos
727 2210 2535 2380 assiet sus son four de Neelles an quelque leu que il
736 2353 2588 2533 siese an la dite vile ou el finaige de Neelles ou an au
712 2513 2614 2699 tre ; et quicumques lou teingne li frere del Temple hi
715 2661 2589 2850 sunt assignei ; et li dux lou nos conferme come de
715 2807 2622 3023 son fié lou dit Jehant vuillant et outroiant que nos
720 2956 2681 3172 puissiens au dit four assigner et prendre les exues
2958 662 4825 883 jusque a tant que nos fussiens anterinement paiié de la
2945 833 4808 1003 dite censive ; et se li comandemenz del Temple avoit nuls
2954 962 4848 1160 damaiges des lou termine dessus dit an avant que il doit
2945 1139 4846 1309 lou devant dit blef an aller an venu a la dite vile de Ne
2943 1288 4817 1487 elles por defaut del dit paiement Jehanz devant diz ou
2941 1433 4815 1620 sui hoir seroient tenu au rendre au regart de bonez
2927 1585 4838 1792 genz et l’amende selonc les us del payis ; et por ce faisant
2942 1756 4886 1946 nos an nom del Temple avons mis lou dit Jehant an cor
2929 1922 4835 2101 porel saisine por lui et por ses hoirs del sixte del siege
2927 2066 4927 2245 del dit molin et de tout lou droit que li Temples hi avoit
2934 2209 4874 2387 sic comme il est dit dessus prometanz an nom del Temple que
2931 2387 4834 2558 li Temples ne irat jemais ancontre desoranavant et
2924 2542 4818 2719 garantirat au dit Jehant de Neelles et a ses hoirs
2980 2690 4841 2860 les choses dessus dites anvers toutes genz jusque a
2925 2861 4863 3025 droit selonc l’estaublissement del ducheaume de Bor
2921 3002 4931 3215 goigne ; et por ce que ce soit ferme chose et estau
