<?xml version='1.0' encoding='utf-8'?>
<PcGts xmlns="http://schema.primaresearch.org/PAGE/gts/pagecontent/2013-07-15" xmlns:xsi="http://www.w3.org/2001/XMLSchema-instance" xsi:schemaLocation="http://schema.primaresearch.org/PAGE/gts/pagecontent/2013-07-15 http://schema.primaresearch.org/PAGE/gts/pagecontent/2013-07-15/pagecontent.xsd">
    <Metadata>
        <Creator>prov=University of Rostock/Institute of Mathematics/CITlab|PLANET AI GmbH/Gundram Leifert/gundram.leifert@planet-ai.de:name=T2I(thresh=0.0;skip_bl=0.2;hyphen=4.0;ig_lb=true):v=2.6.5
prov=University of Rostock/Institute of Mathematics/CITlab|PLANET AI GmbH/Tobias Gruening/tobias.gruening@planet-ai.de:name=de.uros.citlab.module.baseline2polygon.B2PSeamMultiOriented:v=2.6.5
prov=University of Rostock/Institute of Mathematics/CITlab|PLANET AI GmbH/Tobias Gruening/tobias.gruening@planet-ai.de:name=/net_tf/LA73_249_0mod360.pb:de.uros.citlab.segmentation.CITlab_LA_ML:v=2.6.5
Transkribus</Creator>
        <Created>2020-01-29T22:58:52.509+01:00</Created>
        <LastChange>2020-02-05T15:21:55.720+01:00</LastChange>
        <TranskribusMetadata docId="316147" pageId="12488484" pageNr="68" tsid="23426980" status="IN_PROGRESS" userId="52231" imgUrl="https://files.transkribus.eu/Get?id=GZXKNDUMVIEHBONQRGIRDXUM&amp;fileType=view" xmlUrl="https://files.transkribus.eu/Get?id=CEYPKQWVTPZSRZGAIEXISRFC" imageId="8769175"/>
    </Metadata>
    <Page imageFilename="67.jpg" imageWidth="5436" imageHeight="4080">
        <ReadingOrder>
            <OrderedGroup id="ro_1616454387987" caption="Regions reading order">
                <RegionRefIndexed index="0" regionRef="r1"/>
                <RegionRefIndexed index="1" regionRef="r2"/>
                <RegionRefIndexed index="2" regionRef="region_1"/>
            </OrderedGroup>
        </ReadingOrder>
        <TextRegion orientation="0.0" id="r1" custom="readingOrder {index:0;}">
            <Coords points="662,798 662,3056 2676,3056 2676,798"/>
            <TextLine id="r1l1" custom="readingOrder {index:0;}">
                <Coords points="704,845 811,836 957,883 1244,838 1368,856 1407,832 1530,838 1603,890 1715,834 1798,869 1891,840 1938,867 2067,839 2123,871 2221,840 2495,875 2661,850 2661,774 2554,732 2063,768 1990,735 1662,785 1337,756 1234,797 953,744 900,766 751,757 704,777 704,845"/>
                <Baseline points="716,838 2648,854"/>
                <TextEquiv conf="0.46236712">
                    <Unicode>dit commandement lou . . duc per la prueve que an fu faite</Unicode>
                </TextEquiv>
            </TextLine>
            <TextLine id="r1l3" custom="readingOrder {index:1;}">
                <Coords points="715,992 974,986 1026,1017 1165,995 1214,1017 1304,985 1480,1035 1583,986 1685,1012 1710,988 1739,1010 1974,984 2123,1040 2169,1008 2221,1018 2250,988 2328,983 2448,1039 2555,992 2599,1014 2687,996 2687,920 2501,902 2250,934 2137,910 2091,937 1903,946 1612,908 1463,950 1316,948 1277,921 1187,953 1128,924 994,954 793,928 774,948 715,936 715,992"/>
                <Baseline points="728,982 2676,994"/>
                <TextEquiv conf="0.55958426">
                    <Unicode>disarent et adroit que cil Raoulz devoit paiier au dit Jehant</Unicode>
                </TextEquiv>
            </TextLine>
            <TextLine id="r1l4" custom="readingOrder {index:2;}">
                <Coords points="703,1145 908,1144 1025,1193 1120,1145 1198,1187 1265,1146 1396,1176 1477,1147 1543,1179 1590,1150 1712,1180 1753,1141 1875,1171 1964,1144 2039,1182 2093,1157 2359,1193 2433,1159 2508,1177 2592,1150 2592,1109 2394,1066 2333,1102 2186,1070 2128,1096 1934,1100 1893,1078 1714,1104 1588,1072 1553,1098 1336,1080 1152,1101 1128,1081 1069,1108 703,1074 703,1145"/>
                <Baseline points="716,1136 2580,1152"/>
                <TextEquiv conf="0.68529725">
                    <Unicode>les dites six livres et dix solz et s’en pooit johir li diz</Unicode>
                </TextEquiv>
            </TextLine>
            <TextLine id="r1l5" custom="readingOrder {index:3;}">
                <Coords points="705,1405 754,1419 895,1379 1003,1418 1159,1378 1365,1385 1435,1323 1513,1303 1592,1332 1973,1314 2063,1338 2102,1313 2242,1310 2332,1334 2403,1302 2528,1331 2598,1301 2598,1228 2317,1259 2187,1222 1992,1267 1960,1238 1921,1265 1811,1246 1767,1266 1723,1227 1670,1266 1616,1264 1471,1189 1320,1265 1188,1234 1151,1259 804,1262 704,1226 705,1405"/>
                <Baseline points="716,1308 2586,1292"/>
                <TextEquiv conf="0.41851854">
                    <Unicode>Jehanz a sa voluntei ; et por chief de la parole que Ger</Unicode>
                </TextEquiv>
            </TextLine>
            <TextLine id="r1l6" custom="readingOrder {index:4;}">
                <Coords points="698,1459 1253,1460 1380,1538 1580,1521 1661,1558 1771,1487 1864,1472 2130,1494 2289,1463 2348,1490 2406,1455 2558,1473 2612,1453 2612,1392 2299,1402 2223,1380 2169,1416 1996,1426 1830,1374 1710,1379 1673,1409 1588,1372 1473,1404 1341,1391 1285,1421 1050,1398 1001,1418 957,1384 840,1420 789,1396 752,1418 698,1406 698,1459"/>
                <Baseline points="710,1452 2600,1456"/>
                <TextEquiv conf="0.7515227">
                    <Unicode>mains li Saounois dist au dit Jehant qui parloit a un</Unicode>
                </TextEquiv>
            </TextLine>
            <TextLine id="r1l7" custom="readingOrder {index:5;}">
                <Coords points="695,1623 742,1633 791,1599 827,1626 905,1604 967,1633 1037,1601 1248,1641 1592,1619 1724,1643 1797,1607 1837,1622 2000,1590 2140,1644 2482,1620 2570,1646 2601,1642 2601,1544 2389,1453 2276,1531 2017,1521 1920,1558 1788,1553 1739,1514 1678,1560 1597,1560 1548,1528 1438,1570 1262,1540 1143,1572 1089,1531 1023,1560 874,1555 837,1528 761,1555 695,1528 695,1623"/>
                <Baseline points="708,1594 2588,1608"/>
                <TextEquiv conf="0.64987326">
                    <Unicode>sien honme ; la quele parole fu tels que il dist que Jehanz</Unicode>
                </TextEquiv>
            </TextLine>
            <TextLine id="r1l8" custom="readingOrder {index:6;}">
                <Coords points="685,1741 827,1763 1015,1748 1091,1795 1147,1775 1184,1795 1213,1768 1250,1788 1320,1741 1384,1758 1609,1737 1653,1773 1743,1756 1819,1786 1931,1754 2112,1803 2190,1764 2310,1791 2498,1759 2550,1774 2601,1757 2601,1708 2513,1711 2476,1676 2396,1669 2156,1705 2078,1661 2019,1705 1924,1710 1846,1678 1804,1703 1499,1707 1445,1685 1140,1712 1054,1677 1003,1714 981,1694 714,1699 685,1706 685,1741"/>
                <Baseline points="698,1744 2588,1754"/>
                <TextEquiv conf="0.5061715">
                    <Unicode>ne faisoit a l’onme ne droit ne raison ne leautei ; et Jehanz</Unicode>
                </TextEquiv>
            </TextLine>
            <TextLine id="r1l11" custom="readingOrder {index:7;}">
                <Coords points="685,1937 1059,1938 1091,1916 1311,1950 1526,1912 1667,1943 1946,1905 2088,1941 2261,1902 2359,1943 2625,1910 2625,1780 2310,1794 2202,1775 2031,1854 1914,1832 1838,1857 1767,1830 1684,1845 1640,1821 1489,1861 1344,1817 1220,1857 1154,1830 1010,1858 931,1829 900,1858 848,1834 822,1859 743,1861 685,1832 685,1937"/>
                <Baseline points="698,1906 2614,1902"/>
                <TextEquiv conf="0.72124845">
                    <Unicode>li requist que li amendast ainceys que il partist de sa court ;</Unicode>
                </TextEquiv>
            </TextLine>
            <TextLine id="r1l14" custom="readingOrder {index:8;}">
                <Coords points="681,2065 1031,2107 1089,2075 1199,2097 1282,2070 1409,2075 1475,2100 1534,2070 1659,2095 1747,2066 1844,2088 1898,2066 1940,2090 2011,2058 2116,2090 2270,2068 2353,2095 2404,2068 2446,2090 2555,2078 2585,2063 2585,2014 2536,2024 2421,1980 2392,2002 2143,2005 1952,1980 1781,2026 1654,2004 1615,2031 1507,1992 1434,2021 1307,1999 1011,2036 928,1999 745,1989 681,1999 681,2065"/>
                <Baseline points="694,2056 2572,2066"/>
                <TextEquiv conf="0.5130939">
                    <Unicode>et cil s’en partist senz plus faire ; et per lou ney que li diz</Unicode>
                </TextEquiv>
            </TextLine>
            <TextLine id="r1l16" custom="readingOrder {index:9;}">
                <Coords points="674,2222 808,2248 999,2231 1043,2253 1165,2220 1294,2220 1334,2244 1370,2217 1419,2239 1500,2222 1654,2263 1847,2228 1910,2262 1986,2220 2035,2235 2172,2208 2274,2239 2353,2214 2406,2244 2443,2224 2592,2236 2592,2165 2450,2151 2418,2178 2262,2188 2157,2142 2061,2142 1986,2181 1834,2182 1722,2148 1590,2180 1407,2141 1333,2178 1214,2179 1150,2145 1072,2167 981,2153 911,2184 686,2148 674,2222"/>
                <Baseline points="686,2220 2580,2216"/>
                <TextEquiv conf="0.79241365">
                    <Unicode>Germains fist devant lou comandement lou duc que il ne</Unicode>
                </TextEquiv>
            </TextLine>
            <TextLine id="r1l18" custom="readingOrder {index:10;}">
                <Coords points="684,2401 843,2376 968,2415 1029,2386 1302,2385 1427,2419 1593,2380 1671,2414 1754,2394 1840,2430 1908,2399 1962,2413 2050,2388 2094,2418 2321,2373 2453,2415 2536,2368 2536,2329 2426,2305 2373,2337 2324,2317 2160,2344 2062,2308 2028,2337 1901,2333 1867,2308 1747,2338 1327,2321 1143,2341 1092,2322 1053,2349 928,2325 867,2347 747,2313 684,2325 684,2401"/>
                <Baseline points="696,2374 2524,2374"/>
                <TextEquiv conf="0.6182602">
                    <Unicode>avoit pas ansic dite la parole cum Jehanz disoit ne ansic</Unicode>
                </TextEquiv>
            </TextLine>
            <TextLine id="r1l21" custom="readingOrder {index:11;}">
                <Coords points="662,2571 787,2532 885,2564 934,2545 1056,2565 1134,2538 1613,2579 1794,2543 1887,2588 1958,2556 1999,2573 2168,2545 2219,2572 2280,2538 2332,2558 2383,2536 2449,2565 2581,2517 2581,2492 2334,2472 2305,2496 2212,2469 2183,2489 1824,2477 1677,2504 1508,2474 1437,2500 1379,2478 1173,2504 663,2466 662,2571"/>
                <Baseline points="676,2520 1432,2546 2568,2532"/>
                <TextEquiv conf="0.65976715">
                    <Unicode>partiz de devant lou dit Jehant ; et Jehanz l’emprist a pro</Unicode>
                </TextEquiv>
            </TextLine>
            <TextLine id="r1l23" custom="readingOrder {index:12;}">
                <Coords points="671,2701 769,2691 854,2720 940,2701 1067,2733 1182,2701 1331,2733 1521,2696 1981,2696 2008,2721 2074,2706 2132,2733 2245,2704 2340,2743 2455,2701 2528,2740 2555,2733 2555,2643 2467,2633 2404,2665 2296,2638 2220,2652 2132,2608 2042,2652 1893,2623 1849,2652 1790,2630 1661,2657 1558,2628 1492,2657 1355,2635 1323,2662 1099,2645 996,2664 954,2640 747,2652 671,2620 671,2701"/>
                <Baseline points="682,2688 2542,2702"/>
                <TextEquiv conf="0.5787111">
                    <Unicode>ver et lou provat la quele amende li diz Jehanz proiat</Unicode>
                </TextEquiv>
            </TextLine>
            <TextLine id="r1l25" custom="readingOrder {index:13;}">
                <Coords points="672,2882 885,2867 955,2896 1019,2849 1083,2888 1178,2893 1253,2851 1356,2870 1464,2851 1576,2892 1745,2847 2014,2866 2202,2846 2370,2909 2495,2868 2556,2880 2556,2731 2441,2726 2299,2802 2021,2805 1979,2781 1801,2808 1669,2779 1498,2807 1375,2778 1244,2812 1121,2786 1085,2812 941,2786 855,2818 696,2804 672,2809 672,2882"/>
                <Baseline points="684,2858 2544,2850"/>
                <TextEquiv conf="0.7131082">
                    <Unicode>et requist au devant dit comandement lou duc que li avi</Unicode>
                </TextEquiv>
            </TextLine>
            <TextLine id="r1l27" custom="readingOrder {index:14;}">
                <Coords points="649,3054 893,3020 959,3062 1047,3032 1150,3060 1345,3043 1433,3070 1548,3026 1663,3034 1726,3073 1787,3034 1861,3034 1980,3127 2049,3098 2154,3120 2279,3042 2540,3038 2592,3016 2592,2967 2472,2989 2406,2959 2325,2981 2201,2952 2062,2851 1920,2875 1871,2853 1810,2882 1766,2853 1666,2885 1629,2867 1587,2899 1521,2872 1384,2960 1292,2952 1252,2977 1106,2952 1028,2981 949,2944 866,2969 813,2942 766,2966 649,2941 649,3054"/>
                <Baseline points="662,3008 1237,3034 2580,3028"/>
                <TextEquiv conf="0.639485">
                    <Unicode>geissent sour ce que il avoient ohi disarent li dit coman</Unicode>
                </TextEquiv>
            </TextLine>
            <TextEquiv>
                <Unicode>dit commandement lou . . duc per la prueve que an fu faite&#13;
disarent et adroit que cil Raoulz devoit paiier au dit Jehant&#13;
les dites six livres et dix solz et s’en pooit johir li diz&#13;
Jehanz a sa voluntei ; et por chief de la parole que Ger&#13;
mains li Saounois dist au dit Jehant qui parloit a un&#13;
sien honme ; la quele parole fu tels que il dist que Jehanz&#13;
ne faisoit a l’onme ne droit ne raison ne leautei ; et Jehanz&#13;
li requist que li amendast ainceys que il partist de sa court ;&#13;
et cil s’en partist senz plus faire ; et per lou ney que li diz&#13;
Germains fist devant lou comandement lou duc que il ne&#13;
avoit pas ansic dite la parole cum Jehanz disoit ne ansic&#13;
partiz de devant lou dit Jehant ; et Jehanz l’emprist a pro&#13;
ver et lou provat la quele amende li diz Jehanz proiat&#13;
et requist au devant dit comandement lou duc que li avi&#13;
geissent sour ce que il avoient ohi disarent li dit coman</Unicode>
            </TextEquiv>
        </TextRegion>
        <TextRegion orientation="0.0" id="r2" custom="readingOrder {index:1;}">
            <Coords points="2922,541 2922,3161 4892,3161 4892,541"/>
            <TextLine id="r2l1" custom="readingOrder {index:0;}">
                <Coords points="4572,678 4700,669 4680,509 4554,535 4572,678"/>
                <Baseline points="4616,624 4680,616"/>
            </TextLine>
            <TextLine id="r2l2" custom="readingOrder {index:1;}">
                <Coords points="2976,872 3040,860 3113,888 3155,867 3191,890 3341,865 3394,900 3538,880 3606,910 3688,870 3765,893 3959,874 4002,901 4039,877 4125,906 4242,880 4537,936 4611,898 4708,919 4758,895 4811,918 4853,897 4854,821 4771,834 4698,806 4543,841 4439,805 4370,833 4309,808 4267,834 4079,814 3984,840 3784,781 3681,821 3606,781 3266,820 3224,792 3173,821 3058,819 2995,786 2976,872"/>
                <Baseline points="2988,854 4842,882"/>
                <TextEquiv conf="0.60206616">
                    <Unicode>comandement lou duc que il an pooit bien lever six livres</Unicode>
                </TextEquiv>
            </TextLine>
            <TextLine id="r2l3" custom="readingOrder {index:2;}">
                <Coords points="2940,1042 3043,999 3133,1071 3199,1035 3387,1003 3429,1028 3517,1001 3561,1026 3661,1008 3905,1032 3971,1011 4015,1033 4147,1012 4194,1035 4362,1005 4394,1029 4504,1016 4640,1068 4702,1020 4809,1036 4851,1017 4852,897 4810,919 4610,900 4534,938 4393,897 4287,967 3794,945 3549,965 3464,937 3385,959 3134,917 3004,926 2941,942 2940,1042"/>
                <Baseline points="2952,998 4838,1010"/>
                <TextEquiv conf="0.80316246">
                    <Unicode>et dix solz et feroit bontei au dit Germain . Et nos devant</Unicode>
                </TextEquiv>
            </TextLine>
            <TextLine id="r2l4" custom="readingOrder {index:3;}">
                <Coords points="2945,1158 2996,1156 3096,1218 3155,1175 3262,1183 3331,1159 3416,1199 3485,1180 3514,1210 3655,1245 3773,1180 3807,1207 3900,1191 3949,1233 4066,1212 4161,1247 4228,1213 4428,1237 4462,1203 4584,1223 4753,1188 4807,1191 4846,1226 4895,1204 4896,1067 4703,1100 4622,1060 4576,1079 4525,1054 4358,1072 4334,1053 4231,1084 4033,1058 4006,1084 3896,1083 3855,1051 3777,1068 3584,1012 3439,1075 3288,1020 3075,1072 2978,1027 2946,1041 2945,1158"/>
                <Baseline points="2958,1162 4882,1178"/>
                <TextEquiv conf="0.65430737">
                    <Unicode>dit Jaques abbés de Sainte Marie de Chesteillon sus Seyn</Unicode>
                </TextEquiv>
            </TextLine>
            <TextLine id="r2l5" custom="readingOrder {index:4;}">
                <Coords points="2942,1334 3020,1357 3169,1318 3213,1338 3350,1317 3469,1354 3506,1327 3633,1345 3763,1311 4002,1349 4088,1320 4195,1337 4320,1311 4442,1338 4581,1312 4684,1320 4757,1374 4867,1391 4868,1218 4753,1188 4704,1215 4452,1214 4430,1236 4227,1213 4161,1247 4066,1212 3951,1234 3903,1194 3810,1209 3776,1179 3648,1262 3572,1257 3543,1281 3396,1258 3318,1280 3238,1258 2942,1273 2942,1334"/>
                <Baseline points="2954,1320 4856,1328"/>
                <TextEquiv conf="0.5301184">
                    <Unicode>ne avons cels presentes letres seellées de nostre seaul .</Unicode>
                </TextEquiv>
            </TextLine>
            <TextLine id="r2l6" custom="readingOrder {index:5;}">
                <Coords points="2940,1488 3060,1474 3233,1510 3314,1472 3360,1499 3402,1473 3661,1507 3795,1474 3881,1497 3935,1476 4147,1510 4221,1469 4311,1484 4518,1594 4712,1510 4863,1529 4890,1517 4891,1448 4695,1444 4564,1313 4449,1332 4344,1389 4261,1364 4214,1393 4016,1393 3946,1363 3870,1397 3760,1374 3535,1401 3306,1320 3144,1375 3090,1345 3051,1360 2941,1334 2940,1488"/>
                <Baseline points="2952,1472 4878,1496"/>
                <TextEquiv conf="0.1663981">
                    <Unicode>Ce fu fait an l’an nostre signour m.cc . et sexante et</Unicode>
                </TextEquiv>
            </TextLine>
            <TextLine id="r2l7" custom="readingOrder {index:6;}">
                <Coords points="2955,1633 3077,1656 3190,1628 3297,1661 3442,1629 3500,1656 3564,1628 3680,1680 3757,1649 3825,1670 3827,1509 3548,1544 3480,1512 3394,1533 3319,1471 3240,1516 3016,1480 2957,1506 2955,1633"/>
                <Baseline points="2968,1620 3814,1628"/>
                <TextEquiv conf="0.38324586">
                    <Unicode>dous el mois de ahost .</Unicode>
                </TextEquiv>
            </TextLine>
            <TextLine id="r2l8" custom="readingOrder {index:7;}">
                <Coords points="3889,1706 4065,1713 4148,1682 4219,1704 4358,1676 4443,1696 4485,1670 4487,1482 4266,1531 4130,1523 4063,1556 3890,1533 3889,1706"/>
                <Baseline points="3902,1680 4472,1684"/>
            </TextLine>
            <TextLine id="r2l9" custom="readingOrder {index:8;}">
                <Coords points="2911,1890 2969,1908 3236,1883 3333,1914 3441,1883 3597,1917 3673,1895 3753,1923 3856,1907 4025,1938 4091,1914 4284,1936 4362,1912 4538,1948 4570,1922 4687,1923 4801,1983 4875,1954 4877,1798 4764,1836 4627,1790 4529,1823 4410,1768 4192,1793 3968,1764 3889,1788 3812,1748 3674,1795 3535,1740 3408,1783 3335,1750 3278,1774 3096,1650 3043,1664 3006,1637 2913,1672 2911,1890"/>
                <Baseline points="2922,1870 4864,1870"/>
                <TextEquiv conf="0.50343543">
                    <Unicode>Nos Guillaumes de Cheacey chevaliers bailliz de Auxois</Unicode>
                </TextEquiv>
            </TextLine>
            <TextLine id="r2l10" custom="readingOrder {index:9;}">
                <Coords points="2922,2087 2959,2064 3064,2083 3145,2048 3328,2082 3385,2053 3485,2068 3539,2047 3634,2081 3759,2059 3934,2075 3964,2049 4232,2087 4475,2053 4565,2084 4646,2066 4750,2086 4902,2067 4904,1984 4762,1988 4717,1953 4635,1993 4579,1967 4435,1986 4331,1922 4211,1956 4087,1920 4018,1938 3955,1919 3878,1949 3725,1912 3690,1940 3506,1887 3449,1920 3405,1902 3275,1922 3243,1950 3161,1904 3072,1954 2925,1943 2922,2087"/>
                <Baseline points="2936,2010 4890,2038"/>
                <TextEquiv conf="0.5232632">
                    <Unicode>por lou noble baron Hugon duc de Borgoigne façons</Unicode>
                </TextEquiv>
            </TextLine>
            <TextLine id="r2l11" custom="readingOrder {index:10;}">
                <Coords points="2939,2192 3061,2236 3098,2212 3271,2249 3332,2215 3457,2205 3537,2257 3608,2217 3833,2237 3921,2222 4027,2155 4103,2185 4167,2157 4227,2190 4291,2183 4366,2238 4522,2221 4761,2249 4887,2224 4888,2151 4807,2164 4702,2136 4651,2088 4556,2092 4512,2067 4463,2093 4395,2063 4234,2087 4192,2067 4003,2115 3794,2093 3661,2118 3525,2072 3348,2125 3263,2090 3202,2116 3126,2092 3036,2106 2958,2063 2939,2192"/>
                <Baseline points="2952,2172 4009,2170 4874,2212"/>
                <TextEquiv conf="0.6377971">
                    <Unicode>savoir a touz cels qui verront ces presentes letres que</Unicode>
                </TextEquiv>
            </TextLine>
            <TextLine id="r2l12" custom="readingOrder {index:11;}">
                <Coords points="2942,2368 3008,2369 3084,2328 3135,2350 3226,2327 3443,2393 3507,2352 3619,2378 3712,2352 3795,2390 3834,2356 3985,2431 4086,2393 4281,2368 4330,2386 4369,2362 4457,2400 4594,2362 4863,2412 4904,2407 4905,2307 4781,2237 4479,2219 4322,2257 4174,2159 4103,2186 4027,2153 3916,2225 3846,2227 3769,2292 3633,2217 3430,2278 3310,2242 3271,2257 3232,2227 2995,2219 2944,2231 2942,2368"/>
                <Baseline points="2956,2320 4892,2350"/>
                <TextEquiv conf="0.6352333">
                    <Unicode>an nostre presence estaubliz Aubertins Choullez escui</Unicode>
                </TextEquiv>
            </TextLine>
            <TextLine id="r2l13" custom="readingOrder {index:12;}">
                <Coords points="2951,2537 3137,2546 3211,2500 3296,2513 3367,2487 3512,2488 3575,2533 3739,2493 3787,2525 3856,2509 3902,2544 4010,2530 4066,2560 4127,2531 4259,2562 4399,2505 4526,2501 4569,2533 4606,2507 4743,2496 4855,2534 4895,2519 4896,2404 4788,2403 4756,2427 4712,2408 4673,2444 4615,2407 4482,2444 4388,2380 4312,2389 4285,2367 3959,2437 3857,2426 3752,2364 3671,2409 3524,2425 3434,2387 3290,2430 3236,2400 3197,2427 3073,2389 2953,2424 2951,2537"/>
                <Baseline points="2964,2470 4882,2496"/>
                <TextEquiv conf="0.42986587">
                    <Unicode>ers at reconeu que autant cum les trois parz del</Unicode>
                </TextEquiv>
            </TextLine>
            <TextLine id="r2l14" custom="readingOrder {index:13;}">
                <Coords points="2951,2701 3069,2671 3239,2701 3360,2659 3498,2705 3565,2679 3684,2698 3770,2656 3850,2706 3907,2685 4065,2707 4222,2670 4446,2708 4553,2634 4825,2707 4855,2700 4858,2527 4659,2562 4572,2532 4532,2558 4451,2552 4420,2527 4290,2559 4119,2529 4021,2562 3983,2530 3799,2566 3723,2548 3649,2583 3440,2497 3399,2520 3252,2508 3151,2553 2980,2531 2953,2540 2951,2701"/>
                <Baseline points="2964,2614 4844,2642"/>
                <TextEquiv conf="0.660473">
                    <Unicode>bois de Foiselet que siet el finaige de Esperve valent</Unicode>
                </TextEquiv>
            </TextLine>
            <TextLine id="r2l15" custom="readingOrder {index:14;}">
                <Coords points="2955,2802 3252,2829 3314,2800 3414,2832 3561,2793 3658,2829 3890,2828 3970,2861 4044,2838 4097,2870 4247,2836 4332,2840 4378,2878 4489,2848 4545,2873 4631,2838 4797,2858 4799,2704 4677,2680 4561,2749 4515,2716 4354,2714 4291,2673 4107,2712 4020,2686 3848,2702 3793,2674 3758,2698 3727,2671 3685,2699 3548,2682 3499,2708 3451,2673 3358,2662 3189,2701 3123,2670 3015,2717 2956,2701 2955,2802"/>
                <Baseline points="2968,2772 4786,2788"/>
                <TextEquiv conf="0.5387617">
                    <Unicode>que il doit metre el fié Jehant de Neeles escuiier et</Unicode>
                </TextEquiv>
            </TextLine>
            <TextLine id="r2l16" custom="readingOrder {index:15;}">
                <Coords points="2934,2968 3027,2970 3119,3019 3223,2963 3502,3020 3542,2987 3684,2998 3832,2950 3968,2985 4057,2933 4206,2944 4314,3010 4344,2988 4508,2985 4561,3020 4633,2983 4786,2991 4789,2859 4679,2881 4587,2854 4383,2877 4349,2856 4204,2895 4064,2852 3985,2868 3915,2834 3716,2869 3671,2829 3607,2820 3516,2840 3387,2830 3351,2804 3269,2842 3177,2813 3125,2853 3052,2822 2936,2866 2934,2968"/>
                <Baseline points="2948,2918 4776,2954"/>
                <TextEquiv conf="0.6825937">
                    <Unicode>asseoir a Chamesson et as apertenences ; et se ce de</Unicode>
                </TextEquiv>
            </TextLine>
            <TextLine id="r2l17" custom="readingOrder {index:16;}">
                <Coords points="2933,3101 3011,3120 3071,3177 3135,3159 3195,3194 3304,3145 3491,3170 3654,3104 3753,3145 3798,3119 3973,3144 4096,3108 4161,3143 4233,3120 4423,3160 4482,3137 4530,3177 4745,3195 4747,3066 4656,3074 4559,3030 4442,3050 4379,3027 4253,3074 4141,3040 4112,3059 4059,3021 3939,3039 3849,3015 3784,3060 3526,3004 3367,3031 3330,3008 3266,3044 3218,3016 3183,3035 3127,3017 3088,3048 2988,3000 2935,3008 2933,3101"/>
                <Baseline points="2946,3084 4734,3124"/>
                <TextEquiv conf="0.43765062">
                    <Unicode>Chamesson ne valoit autant comme les dites trois parz</Unicode>
                </TextEquiv>
            </TextLine>
        </TextRegion>
        <TextRegion id="region_1" custom="readingOrder {index:2;}">
            <Coords points="0,0 5436,0 5436,4080 0,4080"/>
            <TextEquiv>
                <Unicode/>
            </TextEquiv>
        </TextRegion>
    </Page>
</PcGts>