5436 4080
483 657 2522 908 XI . La unziesme letre est de la vendue que Guillau
773 804 2518 985 mes de Neelles fist mon signour Andrier de ce
800 915 2543 1107 que il avoit an la chastellerie de Nohiers et a Cha
792 1024 2535 1212 piagrimaul et se comance Nos Guido humilis
787 1149 2093 1283 abbas et est au nombre de unze .
481 1326 707 1485 XII .
740 1258 2544 1501 La doziesme de laschenge de Colonmiers lou set
785 1435 2548 1618 que li dux de Borgoigne fist a mon signour An
794 1549 2532 1722 drier et Mathier son frere . . et se comance : Ego
790 1627 2594 1814 Hugo dux Burgundie et est au nombre de douze
459 1787 693 1983 XIII .
727 1788 2525 2037 La treziesme de laccort fait antre Jehant de
807 1949 2523 2158 Neelles et les hommes de Colonmiers et comance
815 2065 2571 2255 Nos Hugues dux de Borgoigne  et est au nom
717 2162 1299 2321 bre de treze
397 2284 2597 2558 XIIII . La quatorziesme de laschenge fait antre Jehant
775 2463 2507 2665 de Neeles et Guillaume de Recey et comance :  Nos
741 2564 2546 2812 Hugues dux de Borgoigne  au nombre de quatorze .
381 2729 615 2956 XV .
733 2764 2559 3002 La quinziesme del fi de Cormoillon et comance :
923 2953 2529 3135 Nos Hugues dux de Borgoigne  au nombre de quinze .
2767 620 4895 845 XVI . La seziesme des covenances antre Jehant et Reynete
3027 789 4827 967 et comance :  Nos Hugues dux de Borgoigne  au nombre de seze .
2723 944 2968 1110 XVII
3003 928 4813 1154 La deseseptime del fi mon signour Hervier de Turcey
3041 1087 4963 1249 et comance :  Nos Hugues dux de Borg[oigne]  au nombre de dix et sept  .
2726 1224 2994 1419 XVIII
3004 1223 4837 1446 La desihaitisme del droit de celui fi maisme rendu
3039 1395 4785 1542 per lou baillif de Auxois et comance :  Nos Hugues de
3017 1491 4741 1630 Arcy bailliz de Auxois  au nombre de dix et huit
2702 1657 2997 1801 XVIIII
3137 1621 4817 1845 La disenuesme des covenences antre lou signour
3045 1784 4541 1938 de Neelles et labbei de Quincey et comance
3049 1877 4733 2045 Ego Hugo dux Burgundie au nombre de disenuef .
2775 2057 2974 2207 XX
3033 2097 4793 2276 La vintisme de la quittance et del don del fiet des cinc
3020 2221 4850 2370 parz del molin que Seguins de Chestellonet fist a Jehant
3007 2336 4796 2498 de Neeles et comance :  Nos Hugues dux de Borgoigne  au nombre de
3014 2476 3246 2548 vint .
2739 2572 3020 2803 XXI
3045 2605 4808 2826 La vinteunisme de laschange fait antre Jehant de
3058 2771 4806 2943 Neelles et Ysabial Bridaine et comance :  Nos Guillau
3035 2881 4372 3047 mes de Cheacey  au nombre de vint et un .
