5436 4080
806 656 2648 833 des quex mes sires Guillaumes de Saudon et mes sires Andriers de Corpoier chevalier
808 804 2664 979 sont ploige et doite chascuns deu tout par les doues parties ; les quex cent
790 953 2663 1152 mars la partie que ensorsauroit paieroit a la partie que seroit obedianz . Et
789 1113 2647 1270 nos desux nommé mes sires Guillaumes et mes sire Andriers sumes plei
778 1251 2656 1428 ge et dote por les doues parties des diz cent mars d’argent chascuns
771 1402 2644 1570 dou tout ; en tel maniere que nos bailleriens et delivreriens par nos
774 1555 2665 1748 sairemanz por la partie qui en sorsauroit des covenances desux dites gaiges
788 1739 2637 1907 moubles a Flavigney dedanz la quinzene que l’autre partie nos hauroit
769 1888 2644 2056 requis as quex l’en porroit havoir les cent mars d’argent . Et
769 2034 2622 2214 nos desux nommé Emoingarz Jehanz mes sires Guillaumes et mes
766 2164 2637 2389 sire Andriers quitons toutes barres toutes exceptions et toutes
776 2354 2669 2534 chouses por quoi l’en porroit aler encontre les chouses desux dites ;
761 2512 2623 2697 et volons et outroions que toutes ces chouses desux dites tenir
786 2691 2581 2849 et garder seiens contreint par la cort mon seignor leu duc
749 2845 2645 3030 de Bergoigne ensi comme de chouse jugié et queneue en la dite cort
760 3010 2655 3191 a cui jurisdistion nos obligons quant a ceu nos et nos hoirs . Ceu fu
2916 694 4745 871 fait en presance de Guillaume de Vieteaul notaire mon seignor
2901 837 4763 1023 Hitier de Corceles chevalier Jehan de Vile escuier et Androin
2903 984 4799 1160 de Leignes clerc dist Sarregot apeléz por ces chouses tesmoig
2914 1143 4780 1309 nier en l’an de grace mil .CC . sexante et quinze ou mois de de
2916 1290 3566 1437 cembre .
2868 1725 4805 1935 A touz cels qui sont et qui seront je Emoingarz de Drees çai en aeriés
2887 1926 4765 2071 fille mon seignor Gautier de Saffres chevalier et cai en arriés famme Robert
2901 2072 4782 2214 dit de Saudon escuier faz savoir que je hai baillié et delivré et quité
2868 2225 4777 2394 a touz jourz perpetuelmant a Jehan seignor de Neeles escuier por
2903 2390 4835 2570 lui et por ses hoirs por raison d’eschange lou tierz de l’escheoite Guillau
2891 2541 4749 2712 me dist de Drées mon frere clerc et chanone d’Ostui tel droit et tel
2897 2713 4765 2862 raison et tel action que j’ai et puis havoir et doi en quelcumque maniere
2885 2865 4800 3026 en la dite escheoite en totes choses moubles et heritaiges quelcumque soient
2883 3026 4820 3204 et en quelcumque leu ; ceu est a savoir a Blance a Barnay ou Vaul de Voudenay
