5436 4080
784 734 2672 893 de la voie de Colomiers et dous jornex qui furent Guillaume selonc leu champ
791 870 2652 1042 au Boitous et un jornel qui fu Hebert leu Gifart qui sit a la voie
790 1001 2628 1183 de Sauvise et leu champ des Broieres ; en fié et en chasemant que ce diz
785 1164 2654 1331 Gautiers et cele dite Roigne tanront deu dit Jehan et de ses hoirs
803 1326 2647 1481 tant commil viveront ; et ha doné en fié au dist Gautiers et a la dite
807 1481 2641 1623 Roigne et a lor bestes a huser de touz les husaiges que li homme
791 1625 2676 1799 au dit Jehan husent et huseront en la dite vile et ou finaige en bois
793 1788 2656 1985 en plain et en pastures en tel maniere que ce diz Gautiers et
794 1929 2685 2097 la dite Roigne ne puent huser des bois ne des husaiges de la ville
789 2084 2645 2252 ne dou finaige sen la ville non et ou finaige tant commil viveront ;
789 2240 2677 2395 en tel maniere que toutes ces chouses desux dites aprés la vie dou
799 2387 2667 2554 dit Gautier et de la dite Roigne remanront au dit Jehan et a ses
813 2549 2690 2715 hoirs a tenir perdurablement . Ne li hoir de ce devant dit Gautier ne
810 2710 2647 2865 de la dite Roigne ne porront rien demander ne reclamer en ces
805 2862 2771 3039 devant dites chouses aprés li devant diz Gautiers et la dite Roigne
809 3038 2692 3192 ne tanront riens ne averont en la dite ville de Noeles et ou finaige ;
2957 721 4814 904 et il huseront des chouses et des husaiges de la dite ville et dou finaige
2946 880 4801 1039 il se justiseront en la ville de Noelles et ou finaige por leu dit Jehan
2958 1007 4804 1187 et por ses hoirs de toutes les chouses que a la jostise et a la signorie
2961 1153 4809 1317 de la dite ville et dou finaige apartanront et apartienent . Et
2968 1312 4810 1474 je par ce dit Gautier et par cele dite Roigne por chouse que il soient
2969 1461 4802 1611 en la dite ville ne ou finaige ne por chose que il i aient esté ne
2956 1600 4806 1766 esteront ne por chose qu’il i aient tenu ne qu’il i tienent ne qu’il
2961 1761 4806 1933 i tanront je ne puis riens demander ne avoir ne reclamer
2950 1906 4832 2083 en la dite ville ne ou finaige . Et por ceu que cen soit ferme
2957 2071 4796 2250 chouse et estauble a la requeste deu dit Jehan et dou dit Gau
2969 2227 4790 2376 tier et de la dite Roigne j’ai mis mon seaul en ces presantes
2967 2382 4808 2569 letres . Ceu fu fait en l’an Jhesucrist nostre seignor que
2961 2517 4796 2702 li milliaires corroit par mil et douz cenz et cinquante
2938 2710 3512 2864 et sex anz .
