8352 5938
1037 653 2488 728 ipsi domino de Chanlot redderet, quandiu ille adversus ipsum
1024 739 2454 815 Sewinum vel heredes ejus exinde garenteiam portaret. Hoc
1024 827 2442 901 laudavit et concessit Teobaldus, frater ej usdem Mannasse. Ego quoque,
1024 913 2478 983 rogatu ipsius, hoc ipsum laudavi et litteris annotatum sigilli
1019 994 2504 1064 mei impressione firmavi. Sunt autem hujus rei testes, Girardus
1020 1077 2432 1148 Eventatus, Guillelmus marescallus, Artaudus camerarius. Ex
1029 1167 2425 1237 parte vero domini Manasse : Milo clericus ejus, Manasses
1036 1249 2485 1321 de Villa Mauri, Josbertus Mabile, Ansellus de Marlenni
1021 1338 2528 1414 aco, Milo de Boalliaco, Evrardus de Villa Mauri et Petrus
1017 1426 2433 1503 Vitalis de Chanlot. Actum anno ab Incarnatione Domini
1031 1509 2462 1588 MO COLXOVIIIO. Datum Trecis, per manum Guillelmi cancellarii.
450 1512 904 1578 De compositione inter fratres
449 1597 859 1657 Pontiniacenses et Andream
438 1679 762 1751 de Venesiaco (4).
1031 1601 2495 1677 Ego Guido, Dei gratia Senonensis archiepiscopus, testificor et confirmo
1024 1688 2455 1766 compositiones que inter fratres Pontiniacenses et dominum Andream de
1041 1780 2475 1856 Venesiaco facte sunt, sicut ab ipso Andrea rogatus sum.
1033 1868 2503 1946 Quod si ipse Andreas vel heres ejus de his pactionibus resilire
1022 1962 2511 2042 voluerint, plenam justiciam de ipsis facere teneor. In primis
1030 2060 2506 2129 igitur justiciam quam aliquando in nemore Sancti Stephani sibi usur
1027 2149 2475 2216 paverat, liberam et quietam a se et herede suo in perpetuum ecclesie
1019 2248 2500 2318 Pontiniacensi relinquit; et recognoscit quod homines
1025 2345 2473 2417 de Venesiaco in predicto nemore nullam usuariam habent.
1021 2433 2484 2501 Soli vero homines qui in villa de Seant habitant, ibi
1024 2517 2506 2587 usuariam habent sine dare et vendere. Deinde, quia aliquando de
1018 2604 2505 2672 stagno faciendo prope Seviam verbum habuerat, ne illis nocere
1031 2690 2483 2762 possit, omnino relinquit. Postea concedit ut ea que in planis
1028 2783 2532 2851 de Challeio et de Sevia de eorum nemoribus jam complanata erant,
1020 2876 2505 2945 eis quieta maneant, ita plane ut ultra metas tunc factas ipsa
1036 2969 2488 3039 nemora non complanent. Porro de nemore quod dicitur li Devoes, si
1026 3056 2508 3125 ibi aliquid accepcrit, et ipsi similiter jure accipere possunt, aliter
1021 3151 2537 3218 non. Nam de bosco Sancti Petri hoc inter eos convenit ut neutra pars
1023 3246 2521 3312 sine alterius assensu ibi exartare possit. Hec omnia, sicut dicta sunt,
1035 3342 2478 3405 testificor et proprii sigilli impressione confirmo. Actum est hoc istis
1031 3424 2520 3487 mihi astantibus : H[ugone] (I) abbate de Dilo et magistro Petro et Gautero
1023 3507 2522 3576 capellano, anno ab Incarnatione Domini MO CO LXXX0 quarto.
497 3479 767 3603 Unde supra (°).
997 3595 2529 3668 Ego Manasses, Dei gratia Trecensis episcopus, testificor. (3). et confirmo compo
1045 3685 2532 3759 sitiones que inter fratres Pontiniacenses et dominum Andream de Vene
1025 3779 2520 3849 siaco facte sunt, sicut ab ipso Andrea rogatus sum. Quod si ipse
1055 3871 2477 3947 Andreas vel heres ejus de his pactionibus resilire voluerint,
1054 3973 2476 4043 plenam justiciam de ipsis facere teneor. In primis igitur justiciam quam
1053 4075 2531 4147 aliquando in nemore Sancti Stephani sibi usurpaverat, liberam et quietam a se
1053 4169 2517 4232 et herede suo in perpetuum ecclesie Pontiniacensi relinquit; et
1047 4252 2515 4316 recognoscit quod homines de Venesiaco in predicto nemore nullam
1059 4332 2497 4403 usuariam habent. Soli vero homines qui in villa de Seant habitant,
1042 4420 2508 4498 ibi usuariam habent sine dare et vendere. Deinde, quia aliquando
1048 4508 2519 4586 de stagno faciendo prope Seviam verbum habuerat, ne illis noce
1058 4600 2534 4677 re possit, omnino relinquit. Postea concedit ut ea que in planis
1056 4687 2548 4767 de Challeio et de Sevia de eorum nemoribus jam complanata erant,
1051 4785 2544 4843 eis quieta maneant, ita plane ut ultra metas tunc factas
1047 4861 2540 4916 ipsa nemora non complanent. Porro de nemore quod dicitur li De
1062 4935 2557 4996 voes, si ibi aliquid accepcrit, et ipsi similiter jure accipere possunt,
1064 5010 2560 5073 aliter non. Nam de bosco Sancti Petri hoc inter eos convenit ut neutra
1055 5088 2514 5161 pars sine alterius assensu ibi exartare possit. Hec omnia,
1041 5175 2503 5254 sicut dicta sunt, testificor et proprii sigilli impressione confirmo.
2559 666 3992 737 Actum est hoc, mihi astantibus : Willelmo capellano et magistro
2599 746 4004 817 Arberto, anno ab Incarnatione Domini M° CO LXXXO quarto.
4108 738 4222 838 Item unde
4121 836 4223 899 supra (°).
2568 844 4094 918 Ego Andreas de Venesiaco notum facio omnibus communiter, tam
2565 919 4017 989 presentibus quam his qui post nos futuri sunt, quod cum fratribus Pon
2563 1006 3961 1076 tiniacensibus, quibus aliquando nocui, in planam reconciliationem
2571 1089 3963 1159 et gratiam propter Deum redire cupiens, querelas que in presenti
2574 1176 4002 1247 notate sunt, absolute remitto et cum domno Mainardo, eorum
2578 1262 4019 1334 tunc abbate, et toto predicti loci conventu in finalem et flrmam pacem
2570 1352 3984 1425 revertor. Igitur in primis justiciam quam aliquando in nemore Sancti
2586 1439 3992 1515 Stephani mihi usurpaveram et contra predictorum fratrum voluntatem
2595 1533 4004 1608 acceperam, liberam et quietam a me et herede meo in perpetuum eorum
2571 1618 3985 1690 ecclesiae relinquo ; et recognosco quod homines de Venesiaco in
2586 1705 4004 1771 predicto nemore nullam usuariam habent. Soli vero homines
2592 1788 3989 1861 qui in villa de Seant habitant, ibi usuariam habent sine
2598 1884 4025 1954 dare et vendere et ceteras, si que in eodem loco jure observari
2599 1975 4008 2045 debent, consuetudines. Deinde, quia aliquando cum domno Petro, tunc
2595 2063 4060 2136 eorum abbate, de stagno ad opus meum, prope Seviam faciendo verbum
2598 2153 4036 2221 habueram et hoc complere cogitaveram, tale propositum et opus,
2592 2245 4027 2319 ne illis nocere possit, omnino relinquo. Postea concedo ut
2583 2347 3995 2415 ea que in planis de Challeio et de Sevia de eorum nemoribus
2588 2437 3984 2505 jam complanata erant, eis quieta maneant, ita plane ut
2607 2524 4007 2590 ultra metas tunc factas ipsa nemora non complanent. Porro
2604 2608 3992 2675 de nemore quod dicitur li Devoes, secundum metas tunc factas, si ego
2597 2697 3992 2765 ibi aliquid accepero, et ipsi similiter ibi jure accepere possunt,
2600 2791 4026 2858 aliter non. Nam de bosco Sancti Petri hoc inter nos convenit ut ne
2597 2881 4013 2952 utra pars sine alterius assensu ibi exartare aliquatenus
2605 2971 3979 3043 possit. Hec omnia, sicut jam dicta sunt, ut ecclesie Sancte Marie
2603 3064 4028 3134 de Pontiniaco rata in perpetuum permaneant, concedo et
2613 3154 3993 3226 proprii sigilli impressione conflrmo testesque adhibeo istos
2607 3248 4053 3320 qui interfuerunt ; quorum sunt hec nomina : Johannes prior de Ve
2616 3336 4074 3405 nesiaco, Galerannus capellanus, Salo de Malleio, Hugo Guer
2605 3425 4026 3493 re, Robertus Terricus, Adam prepositus de Venesiaco. Lau
2617 3513 3946 3577 davit hoc uxor mea Aaliz et filius meus Gauterius.
2628 3604 4007 3671 Actum est hoc publice Venesiaco, anno ab Incarnatione
2615 3690 3908 3760 Domini millesimo centesimo LXXXO quarto.
4097 3767 4243 3837 Testimonium
4164 3861 4244 3918 domni Garnerii
4155 3936 4243 3996 de Triagnel
4144 4014 4240 4066 de recogniti
4140 4080 4240 4127 one uxoris
4146 4153 4244 4209 domni Andree
4139 4231 4245 4284 de nemore de
4147 4302 4242 4358 Sancti Stephani (a).
2614 3773 4097 3853 Ego Garnerius de Triagnello notum facio omnibus ad quos
2623 3877 4046 3944 hoc scriptum pervenerit quod domna A[aliz] (1), consanguinea mea,
2635 3972 4047 4041 uxor domni Andree de Venesi, recognovit, in presenti
2633 4065 4040 4140 a mea et in presentia domni Haici cancellarii et Milo
2623 4163 4050 4229 nis de Sancto Fidolo et Iterii de Laceun et Adam de Voeis
2635 4245 4021 4312 et aliorum multorum qui hoc audierunt, se laudasse domui
2629 4319 4011 4395 Pontiniacensi quitationem nemoris quod dicitur Sancti Stephani,
2624 4402 4030 4482 quam ei fecerat predictus vir suus secundum tenorem et attes
2627 4496 4020 4572 tationem litterarum que de hoc ipso negotio in cartis
2642 4583 4028 4658 predicte domus continentur. Porro ad majorem rei
2625 4676 4051 4746 firmitatem, iterum in nostra, ut dictum est, audientia lauda
2629 4764 4065 4833 vit et concessit hoc ipsum et ego nostro testimonio et presentis
2631 4853 4020 4918 pagine sigillato signaculo rem de qua agitur confir
2644 4935 3954 5006 mo et rem que ad meum feodum pertinet, approbo.
4248 689 4396 745 De con
4249 769 4381 840 structione
4252 849 4393 925 hujus loci (ø)..
4396 672 5861 732 Cum Dei misericordia sua gratuita bonitate novum monasterium, id est Cistercium,
4479 750 5837 821 in Burgundia constructum et regulari disciplina dotaret
4467 839 5875 907 et copiosa monachorum multitudine adaugeret, quidam sacerdos,
4483 925 5842 996 vera religione non mediocriter adornatus, Ansius nomine, in Autisiodorensi
4488 1013 5887 1080 territorio degens, rogavit donnum Stephanum, novi monasterii
4483 1103 5895 1168 abbatem, et monachos ejusdem loci ut in loco suo, qui Pontiniacus
4483 1190 5906 1254 dicebatur, monachis et abbate ibidem collocatis, abbatiam ordina
4472 1278 5888 1344 rent ; qui, spe regularis disciplinae propagande incitati, vo
4474 1363 5888 1431 to supradicti sacerdotis se satisfacturos promiserunt, si artistes
4478 1452 5900 1516 in cujus diocesi locus ille situs erat, hoc amplectaretur. Dehinc don
4474 1540 5904 1614 nus Stephanus abbas et Ansius sacerdos Autisiodorensis venientes cau
4479 1632 5825 1705 sam ordinandae in predicto loco abbatiae beatae memoriae
4479 1717 5865 1785 Humbaldo episcopo aperiunt; quorum studium lauda
4476 1803 5901 1881 bile audiens, letissimus redditur, magnum
4462 1891 5898 1964 se sibique commissos spiritualis boni emolumentum nacturos fo
4471 1981 5877 2049 re confidens, si tempore gratia divina sanctae regulae amatores in
4466 2068 5888 2136 suo multiplicaret episcopatu. Eo tempore, accensu et dono au
4482 2158 5850 2226 ctoritateque donni Humbaldi episcopi et totius capituli ecclesiae
4473 2252 5890 2317 suae ac venerabilis sacerdotis Ansii, suscepit donnus Stephanus abbas
4475 2348 5900 2412 Pontiniaci ecclesiam ad abbatiam in ibi ordinandam. Car
4479 2436 5853 2505 tam vero caritatis et unanimitatis inter novum monasterium
4470 2525 5868 2596 et abbatias ab eo propagatas compositam et corroboratam idem
4489 2609 5888 2687 pontifex et canonicorum conventus ratam per omnia habue
4465 2693 5898 2777 runt. Videns autem abbas angustiam Pontiniacensis loci in campis
4464 2792 5812 2862 et silvis aliisque monachorum proficuis futurorum, bonae
4469 2883 5860 2960 famae illius Willelmi, regionis comitem, obsecrat
4481 2979 5865 3051 ut sua largitate locum eundem adaugeat. Qui vir, Deo
4485 3062 5851 3138 devotus, et precem supplicantis alacriter suscepit et efficia
4479 3150 5863 3227 beneficientae adimplevit, concedens in eodem loco Deo
4479 3240 5867 3319 servientibus usuariam in omnibus campis, silvis, aquis pis
4471 3329 5851 3403 cationi commodis, nemoribus etiam fructiferis ad usum porcorum
4475 3419 5888 3489 illorum. Quod autem donum et uxor ejus postea laudavit. Domna autem Gil
4467 3511 5910 3589 la, vidua, rogatu antedicti abbatis et comitis, donavit
4470 3607 5858 3683 monachis in eodem loco futuris, partem certis signis deter
4472 3699 5882 3770 minatam de terra quam ultra aquam, quae Saina vocatur, habebat ;
4486 3793 5866 3862 et de reliqua quam sibi retinuit hoc diffinivit ut, si aliquis
4470 3882 5846 3950 rusticus terram illam quam sub ea tenet, monachis illis dare
4488 3971 5872 4042 aut vendere aliquo tempore vellet, ipsi per omnia hoc placeret ; illud idem etiam
4491 4059 5891 4135 de pratis que rustici ejus tenent, laudavit. Concessit nichilominus
4484 4154 5895 4230 monachis illis usuarium in silva quae est ultra aquam Sainam, omni
4480 4245 5877 4315 tempore fructuum et aquam eandem ad omnes
4482 4332 5862 4406 usus eorum ab illo loco quo tunc molendinum eorum habebatur
4484 4420 5884 4495 usque ad molendinum Sancte Porcariae, ita scilicet liberam ut nullus
4491 4522 5845 4568 sine licentia eorum aut molendinum construere aut pis
4483 4605 5841 4649 cationem in ea auderet exercere ; in reliqua vero parte aque ipsius
4480 4671 5848 4748 dominae concessit eis piscationem absque laqueis filis cone
4601 4772 5841 4841 xis. Hec dona laudaverunt et concesserunt filiae predictae
4465 4842 5887 4926 dominae, Istiberta scilicet et Berta, ad quarum jus ista omnia precipue
4496 4935 5826 5026 pertinebant. Hi sunt testes : Willelmus comes, Milo presbiter,
4485 5043 5826 5110 Arvinus de Tusci, Gobertus Capellus, Bartholomeus, Johannes mo--
5987 646 7386 735 lendinarius, Stephanus de Forvi, Rainaldus, Milo filius Hugonis
5989 740 7374 821 judicis, Walterus de Glisola, Alaldus qui illius loci erat procura
6003 831 7370 905 tor. Illis temporibus donnus Johannes de Molendino et conjux ejus
5997 919 7350 995 Osila et filius eorum Gofridus, rogatu antedicti abbatis et comitis
5999 1002 7400 1079 Willelmi, dederunt monachis illis terram quae est inter viam qua itur
5995 1089 7383 1163 de Vendosa ad Sanctam Porcariam, et ecclesiam eorumdem monacho
5979 1171 7407 1250 rum et inter magnum nemus et rivulum quendam ; hanc terram conces
5987 1255 7375 1344 serunt eis ab omni modo exactione liberam. Post hac dederunt eis u
6003 1350 7417 1422 suarium in omni terra quam possiderant in vicinitate monacho
5991 1440 7353 1514 rum, addentes etiam et laudantes ut quicquid monachi per se vel per
5995 1530 7372 1604 alios de omni silva eorum extirpendo planare potuissent,
6002 1617 7387 1691 si carrucam non admisissent, ipsorum esset ; et si carruca eandem
6004 1708 7374 1779 terram coluissent, Johannes vel sui decimas inde sumpsissent. Si
6012 1796 7385 1870 mili modo donaverunt monachis de campis suis quicquid carruca
5996 1889 7412 1958 non coluerint. De via autem qua de Pontiniaco pergitur ad Vendo
6002 1969 7401 2045 sam, in dextera parte, in omni silva quae juris eorum erat, dederunt
6011 2061 7399 2132 usuariam ad usus porcorum monachorum et hoc cunctis diebus. In
6001 2151 7392 2223 alias autem silvas Johannis vel suorum non mittant monachi porcos
5997 2331 7426 2409 suos vel aliorum usque ad octavam Domini mitnere distulerint in silvas,
6000 2420 7386 2500 abhinc porci monachorum per omnes silvas illas mittantur.
5999 2506 7425 2590 Hi sunt testes : Milo capellanus Laniaci Castri et alter Milo presbiter,
6005 2605 7452 2676 Willelmus comes Nivernensis, Teodorieus, Helias, Stephanus, Achar
5992 2697 6944 2767 dus, Hugo et multi procerum ejusdem comitis.
7517 2765 7873 2839 De commutatio
7511 2854 7814 2921 ne grangiae
7490 2939 7842 3012 Lorant et Sanctae
7495 3022 7870 3092 Porcariae et Acris
7504 3110 7872 3192 Montis et terrae
7509 3208 7864 3288 quae Communia dicitur
7508 3294 7896 3372 et terrae de Maire
7492 3378 7832 3454 extra fosseios (a).
6014 2776 7432 2859 In nomine sanctae et individuae Trinitatis. Ego Guillelmus, Dei gratia comes
5996 2857 7414 2954 Nivernensis, notum fieri volo hominibus tam presentibus quam
5984 2957 7388 3040 futuris quod ego et Guichardus, Pontiniaci abbas et fratres ejusdem ecclesiae,
5999 3038 7378 3132 ad nostrum commodum utrique respicientes, fecimus commutatio
5986 3139 7419 3219 nem de grangia quae dicitur Lorant. Pro qua grangia ego Guillelmus comes
5999 3232 7425 3307 Nivernensis predictis monachis donavi quod sequens pagina
5986 3315 7376 3391 declarat : scilicet quicquid apud villam, quae Sancta Porcaria vocabatur,
5981 3397 7388 3476 ego ipse comes habebam et ad me pertinebat et alii a me
5981 3488 7420 3575 ibidem tenebant et possidebant, eis ipsis possessoribus lau
5997 3585 7390 3668 dantibus et concedentibus. Quicquid igitur Guiardus Catus, quicquid
6006 3679 7366 3758 Bartholomeus tunc vicecomes Lanniaci Castri, et si qui alii
5987 3777 7361 3853 in toto territorio villae illius habebant, et ad eos eorumque
5994 3871 7392 3944 successores ac filios pertinebat sive in dominio sive in
5991 3962 7392 4036 casamento ; quicquid et alii tenebant ab eis in eodem territorio,
5983 4053 7392 4124 in nemoribus, in planis, in pratis, in aquis, concedentibus
5984 4145 7384 4222 atque laudantibus tam ipsis quam uxoribus eorum ac flliis atque
5998 4232 7440 4315 Guiardi filia Aramburge, totum ego comes dedi Pon
5981 4323 7388 4401 tiniacensi ecclesiae libere et quiete jure perpetuo possidendum, excep
5987 4411 7407 4484 tis V solidis de census aquae quos predictus Guiardus sibi retinuit ; et
5999 4499 7413 4568 excepto quod nemus quod dicitur Revisiacum et nemus quod dicitur Vallis
5991 4584 7410 4649 pagana et nemus Sancti Stephani et foresta de Contest, sicut ipsa
5993 4668 7418 4737 se continet, in planitiem vel agriculturam non redigent
5993 4757 7414 4825 Pontiniacenses ; Guiardo autem, pro supra memoratis rebus quas
5994 4843 7432 4920 in illo territorio habebat, xii libras pruviniensis mone
5989 4931 7392 5014 tae in peagio meo apud Autisiodorum assignavi, concedens
5996 5030 7444 5107 ei ut ex illis xn libris de casamento Bartholomei vicecomitis
