8356 5940
1235 695 2508 775 compositio et dictorum triginta solidorum solutio posset in ali
1245 794 2506 863 quo impediri vel etiam retardari, se, ad hec quantum,
1236 879 2525 956 ad juridictionem curie nostre et successorum nostrorum, ubicumque ma
1255 975 2507 1052 neant, supponendo. Datum anno Domini MO CCO LXO secundo,
1238 1078 2526 1140 mense julio. Hodeardis de Pruvino et Hugo Pipera
1241 1170 2088 1240 rius dederunt nobis decem solidos (°).
1268 1259 2511 1332 Omnibus presentes litteras inspecturis, Hemericus, christia
1238 1355 2499 1430 nitatis Pruviniensis decanus, salutem in Domino. Noverit univer
1226 1454 2518 1523 sitas vestra quod Hodeardis, relicta Menerii de Pru
1247 1540 2501 1610 vino, et Hugo Piperarius, filius suus, coram nobis consti
1213 1636 2521 1708 tuti, recognoverunt se dedisse, pro remedio anime dicti
1211 1729 2464 1801 Menerii et animarum eorumdem Hugonis et Hodeardis,
1221 1824 2492 1895 Deo et ecclesie Pontiniacensi decem solidos annui redditus, per
1227 1917 2499 1994 cipiendos singulis annis in octabis sancti Dyonisii, apud
1242 2012 2502 2089 Pruvinum, in quadam domo terracia que sita est in ca
1221 2103 2483 2182 pite vici de Puteo Bejardi, et in parte dicti Hugonis
1230 2207 2492 2281 de excasura prefate Hodeardis, matris sue. Voluerunt
1224 2296 2500 2375 autem et concesserunt dicti Hugo et mater ejus ut fratres
1227 2401 2512 2479 ecclesie Pontiniacensis dicte in eadem domo terracia hospitalen
1228 2497 2485 2577 tur se et equitaturas suas cum eorum servientibus,
1216 2598 2510 2678 cum necessitas ipsorum pecierit, et reditum suum in perpetu
1218 2691 2508 2769 um habeant et etiam in omni parte Hugonis dicti ex
1220 2794 2520 2871 casure scilicet nominate. In cujus rei testimonium et mu
1215 2889 2461 2966 nimen, presentes litteras, ad petitionem dictorum Hugonis
1220 2985 2514 3062 et Hodeardis, sigilli nostri munimine fecimus roborari.
1217 3078 2303 3158 Actum anno Domini M° cc° tricesimo sexto.
1240 3172 2487 3253 Colinus, miles de Legniaco, dedit nobis vigin
1243 3272 2053 3340 ti solidos cursualis monete (J).
1276 3362 2500 3435 Omnibus presentes litteras inspecturis, Gaufridus, decanus
1214 3456 2469 3538 Sancti Florentini, salutem in Domino. Noverint universi quod
1244 3551 2487 3642 dominus Colinus miles de Legniaco, crucesignatus, in pre
1235 3648 2509 3732 sentia nostra constitutus, dedit et concessit ecclesie Pontinia
1245 3747 2495 3833 censi in puram et perpetuam elemosinam, pro remedio a
1226 3847 2502 3929 nime sue et antecessorum suorum, viginti solidos cursu
1220 3951 2491 4031 alis monete super furnum suum situm apud Vargini
1247 4046 2473 4128 acum, singulis annis in perpetuum percipiendos in
1226 4141 2509 4225 crastino natalis Domini ; volens et concedens idem mi
1243 4240 2475 4332 les ut quicumque predictum furnum tenuerit, predictos
1259 4354 2520 4425 viginti solidos predicte ecclesie Pontiniacensi persolvat termino
1242 4446 2525 4531 supradicto. Et sciendum quod prima solutio hujus elemo
1249 4540 2467 4619 sine prefate ecclesie fieri incipiet anno Domini Mo ccO
1236 4648 2475 4726 quadragesimo, et sic in perpetuum persolvetur. Quod ut
2743 694 3928 776 ratum et firmum in perpetuum perseveret, ad petitionem
2728 779 3914 857 predicti militis presentes litteras sigilli nostri fecimus
2727 874 3919 948 robore communiri. Actum anno Domini millesimo ducentesimo
2740 974 3351 1046 xxx° nono.
478 4961 748 5031 Idem unde
482 5035 604 5087 supra (°).
748 4879 3941 4952 Universis presentes litteras inspecturis, officialis Autissiodorensis, salutem in Domino. Noveritis quod, in nostra presentia constitutus, Regnaudus de Ligniaco,
848 4958 3898 5035 armiger, recognovit quod defunctus Colinus de Ligniaco, miles, quondam avunculus suus, ob remedium anime sue dedit ecclesie Pontigniacensi
846 5035 3964 5116 solidos fortium nivern. super furnum suum de Vargigniaco, quolibet anno ad festum beati Remigii persolvendos. Et illam donationem idem
868 5118 3988 5197 Regnaudus, cui dictum furnum ratione escasure devenisse dicitur, laudavit, voluit et concessit et fide media promisit quod contra non
880 5201 3973 5282 veniret infuturum, quantum ad hec juridictioni curie Autissiodorensis, ubicumque maneat, se supponens. Datum die sabbati ante Ramos Palmarum, anno
870 5276 1359 5369 Domini M° CCO LII°.
3351 971 3924 1044 Dictus Milo Pioche
2713 1069 3938 1145 et Agnes, uxor ejus, nobis dederunt quinquaginta solidos (J).
2754 1163 3882 1241 Omnibus presentes litteras inspecturis, R., decanus
2726 1259 3915 1331 Sancti Florentini, salutem in Domino. Noverint universi quod
2711 1352 3925 1421 viri religiosi abbas et conventus Pontiniaci, cisterciensis ordinis,
2735 1439 3924 1521 autissiodorensis dyocesis, emerunt a Milone dicto Pioche, mili
2714 1529 3940 1609 te, et nobili muliere Agnete, uxore ipsius, sexaginta
2735 1622 3896 1700 solidos tur. annui redditus quos percipiebant et habe
2730 1716 3924 1794 bant idem Milo et dicta Agnes ejus uxor annis sin
2729 1813 3878 1886 gulis in crastino nativitatis beati Johannis Baptiste
2701 1905 3924 1978 apud Sanctum Florentinum, de censu nemoris Sancti Petri
2706 2001 3914 2079 de Ota, pro sexaginta libras pruv. eisdem jam tra
2703 2097 3923 2177 ditis et solutis, sicut in litteris venerabilis viri et dis
2707 2192 3887 2275 creti H. decani Tornodori super hoc confectis et suo
2715 2289 3910 2374 sigillo sano et integre quo utitur sigillatis ple
2710 2393 3926 2470 nius vidimus contineri. Predicti vero abbas et conventus
2708 2493 3940 2574 Pontiniaci voluerunt et concesserunt quod de illis sexagin
2687 2590 3920 2670 ta solidis annui redditus, quos iidem abbas et con
2703 2686 3880 2761 ventus Pontiniaci emerunt a dictis Milone et ejus
2668 2781 3917 2864 uxore, idem conventus habeat annis singulis in perpetuum
2717 2870 3916 2956 quinquaginta solidos dicte monete in pitantia, die an
2694 2975 3922 3057 niversarii et pro anniversario nobilis viri Guidonis
2694 3074 3916 3153 de Dampetra, militis, domini Sancti Justi, faciendo in ecclesia
2711 3166 3907 3242 Pontiniaci post ipsius obitum, omni anno. Nos vero ad
2699 3257 3939 3339 petitionem dictorum Pontiniacensium, presentes litteras sigillavimus
2711 3345 3913 3426 in testimonium veritatis. Actum anno Domini M° CCO
2707 3443 3905 3526 L° nono, die mercurialis ante festum beati Luce evangeliste.
2709 3536 3912 3619 Guido de Bena, miles, et Maria, uxor ejus, de
2713 3641 3693 3718 derunt nobis sexaginta solidos tur. (a).
2720 3737 3921 3821 Omnibus presentes litteras inspecturis, Guillelmus
2710 3830 3945 3918 decanus Tornodori et frater Guido dictus cellerarius Pontiniaci
2710 3936 3964 4020 et dominus Petrus La Chaile presbiter, executores testa
2704 4027 3920 4120 menti bone memorie domini Guidonis de Bena, jam
2700 4126 3897 4214 defuncti militis, et nobilis mulieris, domine Marie,
2708 4241 3918 4314 quondam uxoris ejus, salutem in Domino. Universitati
2712 4330 3925 4419 vestre tenore presentium innotescat quod, cum dominus
2694 4430 3902 4517 Guido de Bena, miles, vellet in Terre Sancte subsidium
2690 4523 3918 4609 peregre proficisci, idem G[uido] miles et domina Maria, u
2707 4632 3953 4722 xor ejus, pari voluntate et concensu unanimi testa-
4570 710 5837 785 -mentum suum componentes et animarum suarum saluti providere
4564 791 5782 871 curantes, legaverunt ecclesie Beate Marie Pontiniaci et fratribus
4560 872 5812 956 ibidem servientibus sexaginta solido tur. perpetui red
4548 969 5795 1048 ditus, percipiendos annuatim in censibus suis de Be
4550 1066 5820 1137 na et in coustumis et in abohummagiis (<I) et in donatio
4567 1161 5785 1234 nibus hominum Sancti Germani, pro anniversario ipsorum singulis
4562 1258 5787 1331 annis in dicta ecclesia post obitum faciendo, prout
4567 1357 5824 1426 in litteris confirmationis dicti legati [confectis et sigil
4567 1447 5848 1514 li viri venerabilis S[enebaudi] (x) archidiaconi Tornodori, tunc prepositi Cha
4564 1532 5826 1604 bleiarum, et predicti Guidonis militis sigillatis ple
4548 1622 5807 1700 ne vidimus contineri, ita sane quod, quandiu vixerit predicta
4560 1721 5800 1794 nobilis mulier, domina Maria, non tenetur reddere fratribus
4551 1813 5786 1880 Pontiniacensibus nisi medietatem elemosine supradicte; post obi
4542 1904 5816 1973 tum vero ipsius M[arie], dicti Pontiniacenses totam prefatam ele
4556 1994 5779 2069 mosinam sine contradictione integraliter percipient et habe
4549 2093 5783 2169 bunt. In cujus rei testimonium, nos predicti
4563 2182 5785 2261 executores presentes litteras appositione sigillo
4563 2282 5827 2357 rum nostrorum duximus muniendas. Datum anno Domini MO
4556 2372 5847 2459 cc° quinquagesimo, mense. (4). De quadam venditione quam Naude
4565 2474 5881 2539 tus Grilez et Aramburgis, uxor ejus, nobis ad perpetuitatem vendiderunt (c).
4595 2577 5820 2652 Omnibus presentes litteras inspecturis, Hugo, decanus
4549 2679 5807 2750 Tornodori, salutem in Domino. Noveritis quod, in nostra presentia
4560 2770 5800 2844 constituti, Naudetus dictus Grilez et Aramburgis ejus uxor,
4542 2866 5804 2938 de Noeriis, Bernardus dictus Foez et Amelina ejus uxor,
4552 2959 5819 3035 de Carrisiaco, recognoverunt sponte absque coactione ali
4556 3056 5814 3129 qua se vendidisse ad perpetuitatem, quilibet pro rata,
4561 3152 5807 3227 viris religiosis, abbati et conventui de Pontiniaco, pro septem
4573 3251 5812 3323 libris tur., duobus solidis minus, eisdem jam solu
4542 3335 5788 3409 tis, cuilibet pro rata, in pecunia numerata, quicquid juris
4570 3429 5802 3509 habent seu habere intendunt apud Carrisiacum — et etiam
4569 3525 5757 3606 solent percipere insimul ibidem : videlicet Bernardus
4567 3615 5805 3702 Fouez octavam partem terciarum, constumarum et censuum
4572 3712 5783 3800 quam habebant cum Naudeto de Noeriis et Pasquero ;
4588 3812 5807 3900 Naudetus vero et Aramburgis terciam partem preter oc
4568 3918 5806 4003 tavam partem — a dictis religiosis jure hereditario quiete et
4570 4008 5816 4093 pacifice in perpetuum possidenda. Promisesrunt autem supra
4576 4110 5800 4196 dicti Naudetus et ejus uxor, Bernardus Fouez et ejus
4576 4207 5827 4296 uxor, fide in manu nostra prestita corporali, quod contra
4562 4307 5812 4397 dictam venditionem per se vel per alium non venient in fu
4573 4402 5816 4495 turum et quod in dicta re vendita nichil juris de cetero
4582 4499 5812 4593 reclamabunt nec facient per alium reclamari tenen
4558 4606 5813 4702 turque per jamdictam fidem dictam rem venditam dictis
6077 692 7238 774 religiosis erga omnes, ad usus et consuetudines pa
6083 781 7215 863 trie, garantire, renuntiantes in hoc facto exceptioni
6100 875 7214 952 pecunie sibi non tradite, non numerate ac spei etiam
6088 966 7225 1043 numerande omnique juris auxilio canonici et civilis.
6087 1058 7233 1136 Aramburgis vero, uxor dicti Naudeti, et Ameli
6103 1151 7237 1227 na, uxor dicti Bernardi, omni juri quod habebant
6102 1246 7210 1329 seu habere intendebant in dictis rebus venditis ratione
6088 1343 7244 1419 dotis, conquestus, hereditatis seu alia quacumque de
6087 1438 7242 1506 causa, omnino renuntiaverunt. Et quantum ad hec
6088 1535 7232 1601 tenenda et firmiter observanda, dicte partes juridi
6063 1624 7248 1692 ctioni nostre se supposuerunt : si contra premissa aliquid attemp
6095 1716 7207 1786 tarent seu a dictis conventionibus resilirent, quod nos
6100 1808 7222 1876 vel successores nostri, ad petitionem dictorum religiosorum vel
6099 1898 7230 1974 alterius ipsorum seu etiam eorum mandati secum presentes
6087 1990 7231 2072 litteras deferentis, ipsos vel alterum ipsorum excommunica
6093 2082 7237 2166 remus, ubicumque facerent mansionem. In cujus rei testi
6107 2182 7266 2264 monium, ad petitionem dictorum Naudeti, Aramburgis,
6088 2278 7202 2359 ejus uxor (°), Bernardi dicti Fouez et Ameline, ejus
6101 2371 7235 2454 uxoris, presentibus litteris sigillum nostrum duximus
6078 2470 7215 2552 apponendum. Actum anno Domini M° CCO LXO 1110,
6097 2580 6427 2634 mense aprili.
4323 4838 7764 4946 Universis (4) presentes litteras inspecturis, Johannes, decanus Tornodori, salutem in Domino. Noveritis quod in nostra presentia constituti Stephana de Forti Terra et Petrus et Droinus,
4368 4921 7722 5037 filii ejus, de Lignorelliis, dederunt et concesseunt in puram et perpetuam elemosinam Deo et ecclesie Pontigniaci, pro remedio animarum suarum et antecessorum suorum, quicquid
4344 5018 7738 5115 juris habebant in censiva et in terris et in terciis et in allis redditibus de Carrisiaco (e), fide corporali in manu nostra prestita promittentes quod dictam donationem
4368 5106 7733 5207 bona fide observabunt et garentizabunt nec contra dictam ecclesiam super predictas per se vel per alios aliquam de cetero questionem vel inquietacionem movebunt.
4362 5193 7717 5300 Quod autem audivimus et recognitum fuit coram nobis, ad peticionem partium sigilli nostri munimine fecimus roborari. Datum Chableiis, die inven
4348 5315 5752 5389 tionis Sancte Cruce, anno Domini MO ccO vicesimo sexto, mense maio.
6449 2572 7220 2629 Johannes dictus Hure, ar
6114 2683 7127 2733 miger, dedit nobis decem solidos tur. (a).
6150 2769 7262 2843 Omnibus presentes litteras inspecturis, R. de
6100 2861 7244 2940 canus Sancti Florentini et Ranulphus (4) presbiter de Chan
6103 2951 7208 3036 loto, salutem in Domino. Noveritis quod, cum inter religiosos
6104 3052 7265 3126 viros, abbatem et conventum Pontiniaci, ex una parte,
6075 3144 7225 3224 et Johannem dictum Hure de Cuicheto, armigerum, ex al
6097 3226 7243 3313 tera, discordia verteretur super eo quod iidem abbas et con
6076 3325 7239 3404 ventus petebant in jure a dicto Johanne sibi ipsis resti
6076 3423 7225 3499 tui et reddi decem solidos tur. annui redditus, quos
6020 3517 7244 3590 decem solidos ipsi religiosi per plures annos paciflce
6086 3609 7202 3684 perceperant et habuerant in censibus
6092 3700 7215 3786 de Lammis, quos census, jam diu est prius, per
6097 3801 7222 3876 aliquot annos tenuerunt et receperunt Templa
6094 3900 7228 3980 rii et post ea ad manum domini Theobaldi dicti Hu
6091 3997 7244 4072 re, quondam militis, devenerunt, ipso Johanne e contra
6098 4095 7212 4171 rio asserente se dictis religiosis in predictis decem
6100 4194 7236 4274 solidis non teneri, tandem, mediantibus bonis viris,
6084 4286 7217 4369 ab utraque parte predicta in nos duos super dicta discor
6092 4378 7234 4470 dia compromissio concorditer facta fuit. Receptis igitur
6070 4476 7228 4561 a nobis primo juramentis tam procuratoris dictorum
6076 4585 7235 4669 abbatis et conventus quam predicti Johannis et auditis rationibus
