8360 5938
1295 717 2528 802 ex dono domine Petronille de Racines in redditibus
1309 812 2477 896 ville de Racines ad dictos Milonem et Petronil
1287 914 2482 998 le pertinentibus, Petrus de Sancto Ulpho, miles,
1291 1005 2479 1083 qui dictas alemosinas quandoque sasierat, ut
1281 1099 2508 1184 dicitur, tamquam dominus feodalis, et domina Agnes,
1304 1192 2498 1280 uxor ejus, de cujus capite dicti redditus mo
1296 1280 2504 1370 vere dicebantur, in nostra presentia constitu
1278 1376 2508 1465 ti, predictas elemosinas laudaverunt et ratas
1295 1477 2500 1559 habuerunt ac concesserunt quod predicti
1291 1570 2475 1650 abbas et conventus ipsas de cetero singulis
1288 1660 2503 1747 annis percipiant et habeant in redditibus
1285 1762 2497 1827 supradictis, promittentes tam idem Petrus
1272 1843 2505 1925 quam predicta Agnes uxor ejus per fides suas in
1269 1937 2472 2017 manu nostra corporaliter prestitas quod contra
1282 2033 2501 2097 donationem, laudationem (6) et conces
1285 2140 2497 2206 sionem predictas per se vel per alios non ve
1291 2231 2511 2310 nient in futurum. Renunciavit etiam pre
1289 2328 2485 2411 dicta Agnes ex habundanti omni juri quod ratione
1291 2430 2481 2509 feodi vel hereditatis habebat aut habere po
1277 2529 2505 2610 terat in elemosinis sive donationibus ante dic
1279 2626 2495 2713 tis, asserens quod id non vi vel metu aut
1290 2725 2505 2804 dolo inducta sed spontanea et volunta
1285 2824 2461 2899 ria faciebat. Concesserunt etiam dicti Petrus
1274 2923 2485 2998 et ejus uxor quod in ipsos et heredes eorum,
1289 3024 2516 3097 quocumque se transferant, possimus nos et suc
1281 3124 2486 3196 cessores nostri excommunicationis promulgare sententiam, si contra
1282 3221 2474 3305 donationem predicte elemosine venirent in aliquo
1286 3321 2500 3400 vel si ipsos abbatem et conventum quominus
1292 3411 2484 3491 ipsam perciperent aliquatenus impedirent.
1281 3504 2498 3580 In cujus rei testimonium, presentes litteras,
1295 3592 2453 3672 ad petitionem dictorum Petri et Agnetis, sigillo
1305 3682 2479 3776 nostro fecimus roborari. Datum anno Domini
1284 3798 2336 3867 MO eeO LO yO, in festo beate Katerine. Omnibus presentes litteras inspecturis, magister Adam decanus ch
618 3976 796 4064 ristianitatis Ripparie in
1120 4002 1204 4080 Senonensi
620 4092 828 4181 dyocese, salutem in Domino.
642 4236 976 4318 Notum vobis facimus quod, in nostra
464 4869 1266 4940 presentia constituta, nobilis mulier Petronilla domina de Raciniis dedit in perpetuam elemosinam ecclesie Beate
498 4954 828 5019 Marie de Pontigniaco quinque solidos tur.,
1289 3884 2491 3963 pro remedio anime sue, singulis annis percipiendos in festo beati Remigii a fratribus dicte ecclesie in bursa de Raciniis. Quod autem audivimus et coram nobis factum fuit, sigillo nostro testificamur. Actum anno Domini M° eeO LIo, mense octobri. Ermensendis, relicta Stephani de Bassoto militis, de
1337 3989 2193 4059 dit nobis centum solidos autis (a).
1313 4071 2501 4159 Galterus, Dei gratia Senonensis archiepiscopus, omnibus pre
1303 4170 2505 4258 sentes litteras inspecturis, salutem in Domino. No
1279 4268 2520 4358 tum facimus quod, in nostra presentia constituta,
1307 4372 2528 4455 mulier Ermensendis, relicta Stephani
1295 4469 2488 4540 militis quondam domini de Bassoto, recognovit
1279 4560 2479 4638 se dedisse centum solidos autis. annui red
1287 4661 2477 4735 ditus fratribus Pontiniacensibus, die qua corpus
2768 741 3951 813 ejusdem viri sui traditum fuit sepulture
2749 837 3937 924 in monasterio Pontigniaci, pro anniversario ipsius
2757 940 3930 1011 faciendo, percipiendos in carreria sive pas
2757 1029 3915 1100 sagio suo de Bassoto singulis annis terminis quibus
2755 1120 3923 1199 (4) redditus passagii predicti solvetur. De
2755 1209 3939 1290 dit etiam et concessit predictis fratribus de Pon
2743 1295 3937 1383 tigniaco et fratribus trium granchiarum suarum,
2763 1398 3901 1474 videlicet de Sancta Porcaria, de Buignone et de
2765 1489 3943 1567 Bello Videre, servientibus et rebus eorum passagium
2767 1583 3975 1665 liberum et quitum (c) ab omni exactione et demenda
2770 1683 3906 1751 in passagio memorato, fiducians in manu
2767 1771 3937 1837 nostra quod hec omnia fideliter et firmiter imperpe
2770 1858 3919 1932 tuum (d) observabit nec contra hec per se vel
2765 1951 3937 2035 per alium veniet in futurum. Gaufri
2755 2057 3921 2122 dus vero, primogenitus eorumdem Stephani et
2761 2138 3947 2221 Ermensendis, coram nobis predicta omnia voluit et
2761 2237 3967 2329 concessit, fide in manu nostra prestita corporali,
2768 2347 3918 2424 quod de cetero per se aut per alium non veni
2757 2442 3952 2527 et contra donationem predictam. In cujus rei testi
2760 2537 3951 2623 monium, presentes litteras sigillo nostro feci
2780 2639 3923 2725 mus communiri. Actum anno Domini M° cc°
2771 2736 3375 2816 xxx° vn°, mense julio.
2765 2840 3914 2916 Guillelmus, comes Jovigniaci, assignavit octo
2780 2950 3712 3012 libras autis. singulis annis (a).
2781 3034 3935 3103 Galterus, Dei gratia Senonensis archiepiscopus, omni
2776 3137 3948 3209 bus presentes litteras inspecturis, in Domino sa
2769 3236 3951 3305 lutem. Noverint universi quod, cum Guillel
2759 3327 3965 3401 mus comes Jovigniaci teneretur ecclesie Ponti
2765 3425 3949 3498 niacensi in centum solidis pruv. annu
2761 3518 3933 3593 is solvendis apud Jovigniacum ex donatione
2777 3610 3928 3685 quondam nobilis viri defuncti Petri quon
2767 3706 3923 3781 dam comitis Joviniaci, et quatuor libris
2759 3809 3893 3890 autis. annui redditus, quas defunctus
2774 3905 3897 3980 quondam nobilis vir, Guillelmus comes
2785 4006 3944 4079 Jovigniaci, pater ipsorum Guillelmi et Petri, dederat
2761 4101 3925 4179 eidem ecclesie pro sue anime remedio et salu
2739 4189 3957 4269 te, percipiendas apud Colungiis (b) vinosas, i
2759 4282 3944 4373 dem vir religiosus abbas Pontiniacensis, pro se
2759 4380 3920 4477 et conventu suo, in nostra presentia constitutus,
2766 4483 3926 4576 eidem Guillelmo comiti Jovigniaci quitavit in
2758 4581 3928 4671 perpetuum, pro utilitate supradicte ecclesie sue,
2712 4677 3899 4771 dictas novem libras, ita tamen quod idem
4536 713 5713 782 Guillelmus comes in recompensatione earumdem
4547 809 5697 880 coram nobis assignavit eidem ecclesie octo libras
4524 900 5701 972 autis. annui redditus, annis singulis in
4521 996 5698 1072 festo sancti Remigii in redditibus prepositure et jus
4535 1091 5719 1168 ticie de Colongis vinosis percipiendas ; promit
4535 1196 5722 1264 tens fide prestita corporali se illam assignati
4531 1292 5687 1364 onem firmiter servaturum et contra eam per se
4535 1387 5692 1457 vel per alios ullatenus non venturum.
4530 1480 5690 1548 Et hoc nobilis mulier Helysabeth uxor sua,
4535 1563 5701 1640 spontanea, non coacta, coram offlciale nostro Brie
4536 1669 5727 1734 nonensi, quem ad hoc misimus specialiter audien
4529 1754 5719 1819 dum, fide prestita de non reclamando, lauda
4537 1843 5718 1905 vit, voluit et concessit. In cujus rei memori
4535 1935 5699 2005 am et testimonium, presentes litteras sigilli
4548 2039 5714 2109 nostri munimine fecimus, ad petitionem abbatis
4549 2138 5699 2208 et Guillelmi comitis, roborari. Actum anno
4543 2236 5512 2310 gracie M° eeO xxxo primo, mense marcio.
4560 2337 5730 2415 Augalo de Boi dedit nobis viginti solidos cen
4544 2432 4644 2503 sus (°).
4601 2529 5725 2597 Willelmus, Dei gratia Autissiodorensis episcopus, omnibus ad quos
4545 2631 5727 2703 presentes litteras pervenerint, salutem in Domino. No
4555 2732 5718 2808 verint universi quod, constitute in nostra presentia,
4553 2832 5708 2910 nobiles mulieres, Gila, relicta bone memorie
4533 2924 5722 3006 Agalonis de Boi, et Luqua, soror ejusdem Agalonis,
4548 3011 5736 3101 confesse sunt coram nobis quod dictus Agalo, a
4574 3116 5730 3200 gens in extremis, ob remedium anime sue
4561 3223 5762 3299 dedit ecclesie Pontiniacensi in perpetuam elemosinam
4559 3311 5742 3392 ix solidos census in censu suo de Sancto Prisco, qui
4560 3408 5746 3481 de capite suo erat, annis singulis percipiendos cum
4554 3497 5734 3582 omni jure suo quo idem Agalo dictum censum per
4551 3597 5740 3671 cipere solebat. Hanc ejus elemosinam predicte
4553 3692 5748 3771 mulieres, Gila, relicta Agalonis, et Luqua, so
4560 3794 5752 3871 ror ejusdem, laudaverunt. Et ad petitionem eorum (b),
4553 3891 5756 3963 litteras nostras testimoniales fecimus annota
4573 3990 5730 4067 ri. Actum
4551 4089 5768 4163 anno Incarnationis dominice M° eeOIIIIO xo. G.,
4565 4180 5769 4260 episcopus Autissiodorensis, et Droco de Melloto nobis assignaverunt XX libras tur. (a).
4778 4288 5729 4381 Universis presentes litteras inspecturis, G[uillelmus]
4778 4383 5772 4473 divina miseratione episcopus Autissiodorensis, salutem in
4559 4484 5768 4569 Domino. Notum facimus quod nos, executores tes
4552 4582 5758 4668 tamenti karissimi genitoris nostri, domini Guillelmi de Mel
4573 4685 5772 4771 loto, quondam domini Sancti Prisci, militis, assedimus
5939 712 7130 789 et assignavimus ecclesie Beate Marie de Pontigniaco in
5954 799 7122 872 perpetuam elemosinam, de voluntate et assensu di
5943 884 7146 973 lecti nepotis nostri Drochonis de Melloto, domini Sancti
5958 974 7164 1060 Prisci, viginti libras tur. annui redditus, vi
5961 1077 7150 1157 delicet pro anniversario predicti genitoris nostri, de
5957 1176 7122 1255 cem libras tur. ; pro anniversario karissime matris
5974 1274 7156 1347 nostre, quondam uxoris ejusdem, centum solidos tu
5974 1367 7155 1442 r. ; et pro anniversario karissimi patrui nostri, domini Droco
5964 1454 7161 1535 nis de Melloto, quondam domini Lochiarum, centum solidos
5968 1551 7153 1624 tur., percipiendos singulis annis ad festum Purificationis
5971 1648 7160 1724 beate Virginis super preposituram de Sancto Prisco,
5980 1734 7163 1818 ita quod quicumque erit prepositus de Sancto Prisco
5946 1816 7189 1899 dictas viginti libras annis singulis solvere tenebitur
5975 1915 7138 1989 de prepositura predicta, et, si prepositura non suffi
5985 2014 7182 2093 ceret, dictus Droco vel quicumque erit dominus Sancti
5976 2113 7165 2196 Prisci, de aliis redditibus suis defectum supple
5982 2215 7164 2305 re tenebitur intergraliter et perfecte. Voluit etiam
5991 2311 7186 2397 dictus Droco nepos noster et in hoc consentit expresse,
5992 2410 7200 2489 quod, si ipse vel prepositus suus de Sancto Pris
5988 2499 7196 2588 co seu ille qui dictam preposituram teneret, in pre
6008 2607 7158 2686 missis vel aliquo premissorum deficerent, nos et suc
5986 2708 7182 2784 cessores nostri, episcopi Autissiodorenses necnon et officiales Autissiodorenses in per
5994 2810 7163 2897 sonas ipsorum excommunicationis et in villam de Sancto Prisco
6005 2897 7149 2987 interdicti possimus sententias promulgare et se ac
6009 2991 7187 3081 heredes suos seu successores quoslibet, quantum
6004 3096 7185 3181 ad predicta tenenda, adimplenda et in perpetuum
6027 3194 7183 3285 firmiter observanda, specialiter obligavit. Te
6009 3289 7226 3377 nentur autem monachi Pontiniacenses anniversaria pre
5997 3377 7202 3468 dictorum in ecclesia sua facere sollempniter anno quo
6015 3471 7208 3562 libet terminis quibus predicti defuncti ex hoc se
6011 3571 7193 3651 culo migraverunt. In cujus rei testimonium, ad
6038 3668 7186 3747 petitionem dicti Droconis nepotis nostri, sigillum
6027 3764 7216 3847 nostrum unacum sigillo ipsius Droconis presenti
6022 3863 7214 3949 bus litteris duximus apponendum. Actum anno
6016 3970 6809 4051 Domini M° eeO LXo, mense marcio.
