8360 5941
1210 696 2437 769 cerent, prius duobus annis elapsis, dictam plate
1192 797 2434 867 am extunc ipsi abbas et conventus vel eorum manda
1210 890 2420 960 tus saisire poterunt tanquam suam et de ea suam
1207 980 2403 1059 omnino poterunt facere voluntatem. Et quan
1217 1076 2415 1153 tum ad hec, Jacobus et Agnes, uxor ejus, se ju
1201 1171 2441 1245 ridictioni curie Autisiodorensis, ubicumque maneant, subdi
1213 1265 2419 1334 derunt. Actum anno Domini MO CCO XLO VIIIO, mense
1187 1362 2384 1432 julio. Rochois la Rusa et Aramburgis, filia
1213 1455 1991 1521 ejus, dederunt nobis viginti solidos (a).
1223 1549 2371 1623 Ego G., officialis decani Autissiodorensis, notum facio
1217 1645 2392 1711 omnibus quod, in presentia nostra constitute, Rochois
1206 1736 2394 1800 la Rusa et Aranburgis, filia ejus, recognoverunt
1191 1820 2432 1891 quod domus ille, in quibus ipse manent, site jux
1183 1915 2418 1993 ta puteum apud Sanctum Gervasium, sunt ecclesie
1201 2008 2410 2103 Pontiniaci; et, ad preces meas aliorumque bonorum virorum,
1204 2126 2398 2196 frater Bernardus, tunc provisor cellarii Pontiniaci,
1206 2218 2383 2298 adcensivit predictis Rochoi et Aramburgi dictas
1185 2324 2383 2398 domos ad vitas suas, sub annua pensione
1189 2425 2358 2497 viginti solidorum, ad octabas beati Andree apostoli ecclesie
1194 2515 2399 2595 Pontiniaci vel ejus mandato reddendorum. Debent
1185 2626 2400 2701 etiam dicte Rochois et Aranburgis mittere in repara
1197 2726 2387 2801 tionem dictarum domuum viginti solidos de concen
1192 2829 2364 2911 su (a) Bernardi infra octabas Omnium sanctorum
1185 2925 2382 3010 proximo venturas. Dictum etiam fuit quod, si ipse
1145 3016 2371 3096 deficerent in solutione viginti solidorum ad predictum
1175 3121 2401 3192 terminum, ecclesia Pontiniaci vel ejus mandatum pos
1185 3214 2399 3288 sent saisire dictas domos et, tamquam (b) suas, pacifi
1177 3312 2406 3384 ce possidere, donec de dampnis et de deper
1129 3414 2380 3482 ditis inde provenientibus satisfactum esset com
1195 3501 2388 3565 petenter. Concesserunt preterea dicte Rochois et
1196 3589 2403 3657 Aranburgis quod dicte domus, post mortem e
1172 3674 2407 3751 orum, ad ecclesiam Pontiniacensem cum omni meliora
1188 3775 2376 3856 tione revertantur. Datum die Jovis post Pas
1167 3874 2329 3957 cha Domini, anno gracie millesimo ducentesimo vicesimo, mense marcio.
1185 3964 2346 4052 Girardus Tenaur et Bienfaite, uxor ejus, dederunt
1187 4076 2386 4157 nobis plateam suam sitam in parrochia Sancti Gervasii (c).
1017 4171 2387 4253 Universis ad quos presentes littere pervenerint,
1175 4275 2327 4350 B[artholomeus], abbas Sancti Petri Autissiodori, salutem in Domino.
1193 4371 2361 4462 Notum facimus universitati vestre quod, in
1180 4476 2324 4557 presentia nostra constituti, Girardus Tenaur
1177 4577 2368 4650 et Bienfaite uxor ejus dederunt
1179 4683 2405 4770 et concesserunt abbati et conventui Pontiniacensi
2701 707 3916 777 plateam suam quam habebant in parrochia Sancti
2697 801 3929 867 Gervasii, sitam juxta portum magistri Petri Por
2693 889 3877 964 ree, post decessum eorum in perpetuum possidendam.
2695 985 3933 1060 In cujus rei testimonium, nos, in cujus presentia
2699 1087 3928 1154 ista donatio fuit facta, sigillum nostrum presen
2667 1181 3929 1245 tibus litteris duximus apponendum. Actum an
2688 1268 3340 1339 no Domini MO CCO XXXO tercio.
3338 1272 3908 1346 De quadam libertate
2799 1369 3903 1437 quam habemus in burgo Sancti Gervasii
2818 1458 3203 1531 Autissiodori (a).
2751 1541 3905 1625 Omnibus presentes litteras inspecturis, abbas
2667 1644 3907 1717 et prior Sancti Jacobi et decanus Sancti Qui
2697 1739 3919 1807 riaci Pruvinensis, judices a domino papa delegati, sa
2677 1831 3929 1903 lutem in Domino. Noverit universitas vestra quod, cum
2678 1924 3882 1992 abbas et conventus Pontiniacenses vierium Autissiodorensem
2676 2024 3894 2098 auctoritate apostolica coram nobis traxis
2689 2127 3904 2203 sent in causam super hoc quod dicebant dicti abbas
2669 2224 3948 2306 et conventus quod, cum omnes qui sunt de bur
2674 2335 3920 2404 go Sancti Gervasii immunes sint a solutione
2676 2430 3924 2504 minagii, idem viarius dictis abbati et con
2671 2526 3929 2599 ventui, qui eadem debent gaudere libertate,
2677 2626 3921 2699 in domo sua sita citra aquam in libertate Sancti
2691 2729 3930 2801 Gervasii injuriabatur, petendo minagium ab
2677 2839 3900 2910 eisdem in domo supradicta ; proponebant etiam
2667 2928 3936 3005 quod idem viarius miserat ad domum depre
2671 3026 3931 3096 dandam dictorum abbatis et conventus, in qua frac
2672 3118 3910 3194 tum fuerat bichetum illorum et adductus u
2681 3217 3901 3285 nus de equis suis et habitatores dicte domus
2695 3311 3907 3384 Pontiniacensis contumeliis afIecti, propter quod damp
2672 3405 3906 3483 nificati fuerint usque ad decem libras autis.
2683 3506 3913 3574 et injuriam passi quam usque ad centum libras
2680 3587 3932 3663 estimabant ; unde petebant dicti abbas et con
2691 3688 3922 3759 ventus contra dictum viarium ut idem viarius
2681 3784 3886 3854 eos permitteret uti libertate supradicta et ne ab
2671 3888 3905 3965 eis minagium repeteret et injurias supradictas
2672 3983 3936 4061 eisdem illatas emendaret, prout plenius in pe
2656 4083 3910 4152 titione dictorum abbatis et conventus contra dictum
2667 4177 3907 4262 vierium super his formata continetur; tandem,
2675 4290 3920 4367 lite coram nobis legitime contestata, prestito
2659 4390 3917 4466 ab utraque parte calumpnie sacramento, testi
2669 4487 3905 4575 bus hinc inde receptis et publicatis attesta
2651 4584 3888 4668 tionibus, auditis rationibus et allegationibus u
2659 4699 3887 4777 triusque partis et plenius intellectis, die
4535 751 5743 848 ad deffinitivam sententiam audiendam assignata, par
4523 855 5751 943 tibus in presentia nostra sufficienter constitutis, ju
4523 943 5756 1038 ris ordine in omnibus observato, cum de inten
4526 1040 5762 1134 tione dictorum abbatis et conventus — videlicet quod dicta
4530 1130 5728 1225 domus in burgo Sancti Gervasii sita sit et tali liber
4516 1226 5700 1315 tate gaudere debeat
4531 1318 5727 1412 cum ad ejusdem
4511 1410 5737 1509 vierii bichetum bladum non fuerit mansura
4505 1497 5739 1603 tum — legitime nobis constiterit evidenter, habito
4517 1595 5753 1694 bonorum virorum et in jure peritorum consilio, diffinien
4511 1689 5757 1789 do pronunciavimus dictos abbatem et conventum
4513 1780 5744 1878 Pontiniacenses in dicta domo libertate supradicta in po
4505 1869 5715 1971 sterum potituros et ne dictus vierius minagi
4504 1962 5728 2063 um ab eis in dicta domo contra libertatem su
4495 2067 5705 2162 pradictam extorqueat vel alias super hoc aliqua
4511 2169 5717 2264 tenus inquietet ; condempnantes etiam dictum
4517 2261 5735 2357 vierium dictis abbati et conventui in expensis
4512 2368 5713 2465 legitimis taxandis et jurandis, eidem vie
4504 2476 5743 2555 rio illatam injuriam remittentes. Nos vero
4508 2561 5723 2654 abbas et prior, fungentes vice nostra et decani
4483 2656 5720 2760 Sancti Quiriaci conjudicis nostri, qui in presen
4459 2761 5724 2863 tia partium nobis commiserat vices su
4492 2871 5707 2961 as, expensas supradictas, antequam ad aliud
4479 2962 5719 3053 procederetur, taxavimus usque ad sexaginta li
4488 3046 5741 3153 bras pruv. quas pars Pontiniacensis juravit coram
4474 3144 5697 3244 nobis. Actum anno Domini MO CCO tricesimo secundo,
4430 3244 5702 3346 die proxima sabbati post nativitatem
4481 3343 5135 3431 beati Johannis Baptiste.
5135 3367 5703 3439 Michael clericus dedit
4502 3448 5287 3521 nobis tres solidos census (a).
4521 3551 5696 3634 Ego A[rnulphus] ecclesie Beati Petri Autissiodori dictus abbas,
4474 3626 5707 3721 omnibus presentes litteras inspecturis notum
4496 3727 5699 3814 fieri volumus quod Michael clericus, in presen
4482 3823 5717 3908 tia nostra constitutus, multis astantibus et audien
4440 3911 5706 4003 tibus, dedit et concessit ecclesie de Pontigniaco in e
4481 4014 5700 4091 lemosinam, pro anima sua, tres solidos cen
4470 4113 5706 4188 sus de cetero in perpetuum percipiendos, quorum
4468 4205 5675 4295 duo solida sita sunt in territorio quod dicitur
4486 4316 5695 4395 Champolim in Segrina ; VII denarii in terra de Cru
4482 4416 5667 4492 ce ; HI denarii in vinea Symonis Arnaudi, que
4483 4514 5679 4590 sita est in territorio quod dicitur Junches ; II
4403 4599 5699 4687 denarii (b). Et ne processu temporum predicta ecclesia super
4467 4708 5682 4790 hoc in aliquo posset defraudari, nos, ad preces
6018 792 7202 885 fratrum jam dicte ecclesie, presenti pagine sigillum
6018 891 7201 985 nostrum apposuimus. Actum anno incarnati Verbi
6004 986 7189 1075 MO CCO tercio. De quadam elemosina et quitatione quam
6002 1075 7108 1146 fecit nobis P., Atrebatensis episcopus, apud Fornellos (c).
6195 1173 7197 1257 Ego P[ etrus], divina patientia Atrebaten&is episcopus,
6105 1255 7204 1356 notum fieri volo universis presentes
6003 1355 7161 1448 litteras inspecturis quod, cum fratres Pontiniacenses locum
6010 1447 7179 1543 de Furnellis, datis pro eo in commutationem quibusdam
6001 1544 7181 1640 terris suis et vineis, acquisierunt, ego P[etrus] usque ad
5985 1628 7158 1735 quadraginta libras pruv., quas ipsi fratres
6009 1724 7211 1825 Pontiniacenses, preter commutationem terrarum ac vine
5997 1820 7172 1914 arum suarum, pro eodem loco dare tenebantur,
5989 1906 7187 1997 pro eis fratribus de meo persolvi. Postmodum
5996 2003 7177 2093 autem in plantandis et emendis vineis et pratis et ter
6004 2104 7228 2197 ris apud dictum locum de Furnellis, diversis temporibus,
5993 2201 7188 2296 aliquando amplius, aliquando minus, de mea substantia posui.
5977 2295 7212 2395 Sciendum vero quod, quicquid (a), quolibet modo et tempore,
5987 2408 7191 2493 in ipso loco de meo contuli, totum, pro remedio a
5995 2509 7204 2600 nime mee, domui Pontiniacensi in elemosinam erogavi.
5971 2605 7188 2690 Porro ipsi fratres Pontiniacenses mihi vinum vinearum
5977 2705 7187 2796 suarum de Furnellis gratis et mera liberta
5946 2802 7171 2894 te sua, dum adviverem, in communi capitulo suo
5968 2901 7157 2990 concesserunt. Quam concessionem ego postea
5975 3000 7163 3088 ipsis fratribus in suo capitulo, presentibus Cisterciensi
5951 3093 7161 3173 et Clarevallensi et quibusdam aliis abbatibus, ex to
5947 3185 7145 3271 to quitavi. Ne vero aliquis fratris Pontiniacensis (b),
5971 3286 7159 3369 super eo quod eis apud Furnellos in elemosinam
5958 3377 7117 3466 contuli sive super eo quod vinum de vineis
5945 3472 7175 3556 de Furnellis aliquando percepi secundum con
5979 3566 7179 3647 cessionem quam mihi gratis inde fecerant, in pos
5959 3655 7150 3743 terum maligne presumeret molestare, ipsam
5960 3760 7171 3842 elemosinam et quitationem perceptionis vini in
5974 3851 7161 3936 vita mea feci presenti pagina inseri et sigilli
5968 3943 7185 4022 mei munimine roboravi. Actum anno ab Incar
5956 4033 7178 4110 natione Domini M° CCO. De decima quam presbiter de Vincellis sole
6004 4135 7154 4195 bat habere super vineis abbati et conventui de Pontigniaco (°).
5961 4225 7160 4327 Guillelmus, divina permissione Autissiodorensis episcopus, uni
5949 4341 7165 4428 versis presentes litteras inspecturis, salutem in Domino. No
5953 4438 7153 4527 verint universi quod, cum inter venerables viros
5938 4526 7165 4621 abbatem et conventum Pontiniacense, ex una par
5919 4620 7147 4718 te, et Guibertum presbiterum de Vincellis, ex altera parte,
5943 4731 7130 4815 causa verteretur coram nobis super decimis quas
