8361 5939
1467 681 2599 761 Omnibus presentes litteras inspecturis, dominus Hugo officialis
1481 772 2551 858 Tornodori, salutem in Domino. Noverit universitas vestra
1405 872 2562 950 quod, in nostra presentia constitutus, Michael clericus de Tornodoro
1385 966 2555 1051 recognovit se dedisse et concessisse ecclesie Pontiniacensi
1390 1058 2551 1147 domos suas sitas in Bulco Berardi, que fuerunt defunc
1368 1155 2585 1235 ti Thome dicti Cassardi, et quandam peciam vinee si
1367 1252 2560 1340 tam in territorio quod dicitur Valenayres, tria quarteria
1369 1343 2574 1431 continentem, que omnia dicta ecclesia jure perpetuo posside
1360 1435 2537 1523 bit. De quibus supradictis domibus scilicet et vinea dictus
1362 1528 2561 1611 Michael in presentia nostra se devestivit et de eisdeim
1368 1617 2560 1709 abbatem dicte ecclesie investivit. In cujus rei testimoni
1351 1708 2539 1804 um, ad petitionem dicti Michaelis, presentibus litteris sigil
1355 1812 2526 1897 lum nostrum duximus apponendum. Datum anno
1307 1905 2199 1990 Domini MO CCO XLO IXO, mense octobri.
2198 1924 2573 1999 Luqueta de Tor
1359 2022 2485 2087 nodoro et Michael filius ejus dederunt se et sua ecclesie Pontiniacensi (a).
1356 2113 2473 2181 Hugo gerens vices decani Tornodori, omnibus ad
1337 2206 2565 2288 quos littere presentes pervenerint, salutem in Domino. No
1351 2304 2583 2388 veritis quod, in presentia nostra constituti, Luqueta, relic
1344 2403 2612 2482 ta defuncti Symonis de Tornodoro, et Michael clericus, fi
1339 2495 2544 2582 lius ejus, dederunt se et omnia bona sua, tam mo
1349 2592 2548 2681 bilia quam immobilia, Deo et ecclesie Pontiniacensi et de
1336 2690 2526 2781 dictis bonis se devestierunt et fratres dicte ecclesie in
1335 2800 2525 2890 vestierunt de eisdem. Promiserunt etiam coram
1343 2893 2499 2990 nobis supradicti Luqueta et Michael, fide corporaliter
1357 2984 2541 3076 in manu nostra prestita, quod dictam donationem fideliter
1318 3074 2540 3175 et firmiter observabunt nec earn per se vel per alios
1339 3177 2501 3268 de cetero revocabunt. In cujus rei testimonium, ad
1337 3279 2521 3373 petitionem ipsorum Luquete et Michaelis, presentes litteras
1335 3370 2543 3463 sigilli nostri munimine roboravimus. Actum an
1327 3468 2405 3556 no Domini MO CCO XXXO IXO, feria II II II ante Pascha.
2399 3490 2504 3559 Galte
1363 3562 2584 3634 rus Catus et Agnes ejus uxor dederunt sedem cujusdam molendini (b).
1344 3640 2547 3745 Guillelmus decanus Tornodori, omnibus presentes litteras in
1328 3739 2492 3833 specturis, salutem in Domino. Noveritis quod Galterus dictus Catus
1307 3844 2516 3937 et Agnes uxor ejusdem coram nobis dederunt Deo et ec
1327 3944 2522 4035 clesie Pontiniacensi in puram et perpetuam elemosinam, pro
1343 4042 2541 4133 remedio animarum suarum et antecessorum suorum, sive viverent
1343 4143 2537 4231 sive morerentur, sedem cujusdam molendini quod vocatur
1327 4248 2497 4350 Dareme, siti subtus Tornodorum, cum omnibus pertinentibus ad
1331 4342 2519 4437 dictum molendinum jure perpetuo possidenda. Hanc autem
1316 4440 2518 4535 donationem dicta Agnes laudavit et concessit, spontanea
1346 4535 2539 4629 voluntate promittens, fide corporali prestita in manu
1313 4643 2513 4737 nostra, quod de cetero in dicta sede molendini et pertinentiis aliud
2856 704 4030 800 non reclamabit. Et de dicta sede et pertinentiis dicti Galterus et Agnes
2832 792 4068 903 uxor ejusdem virum religiosum fratrem Johannem abbatem
2856 893 4042 994 Pontiniacensem investierunt. Quod ut ratum et firmum
2852 983 4029 1089 permaneat, ad petitionem dictorum Galteri et Agnetis uxor (a) ejusdem,
2847 1087 4057 1181 presentes litteras sigilli nostri munimine tradidimus robo
2855 1177 3796 1266 ratas. Actum anno Domini MO CCO XLO primo.
3794 1202 4050 1268 Petrus de Ju
2842 1282 4036 1368 nez dedit nobis duas pecias terre apud Junaium (b).
2867 1368 4026 1462 Omnibus presentes litteras inspecturis, Hugo decanus
2832 1470 4064 1555 Tornodori, salutem in Domino. Noveritis quod, in nostra presentia consti
2807 1554 4074 1642 tutus, Petrus de Junaio, clericus, dedit et concessit et in perpe
2825 1638 4048 1742 tuum quitavit in puram et perpetuam elemosinam Deo et
2828 1733 4033 1834 beate Marie et abbati et conventui Pontiniacensi duas pecias
2842 1832 4064 1926 terre arabilis, quarum una sita est in pasticio prope Juna
2850 1930 4003 2024 ium, juxta terram Colini dou Crot ; et altera sita est prope
2835 2026 4049 2118 molendinum de Gryseio, juxta terram Guillelmi dicti Es
2828 2127 4066 2214 pyngot, ex una parte, et juxta terram dicti Colini dou
2838 2230 4033 2317 Crot, ex altera, ab ipsis abbate et conventu in perpetuum
2824 2328 4048 2417 de cetero possidendas. Promisit autem idem Petrus, fide in
2834 2420 4037 2513 manu nostra prestita corporali, quod contra dictas donationem,
2814 2521 4058 2611 concessionem et quitationem per se vel per alium non veniet
2823 2630 4021 2719 in futurum. In cujus rei testimonium, ad petitionem dicti Petri, presentes
2815 2732 4039 2819 litteras sigillo nostro tradidimus roboratas. Datum anno
2821 2830 3711 2916 Domini M CCO LO VIIIO, mense augusto.
3708 2846 4032 2918 Petrus Barberius
2858 2942 3827 3000 dedit se et sua Deo et ecclesie Pontiniaci (a).
2810 3016 4042 3099 Omnibus presentes litteras inspecturis, Hugo decanus
2815 3108 4021 3199 Tornodori, salutem in Domino. Noveritis quod, in nostra presentia
2805 3215 4035 3299 constitutus, Petrus dictus Barberius dedit se et sua, tam mo
2823 3317 4031 3387 bilia quam immobilia, ubicumque poterunt inveniri, Deo et
2807 3400 4017 3487 ecclesie Beate Marie Pontiniaci, promittens per fidem suam cor
2810 3498 4025 3585 poraliter prestitam quod contra dictam donationem per se vel per ali
2802 3589 4032 3669 um non veniet in futurum et quod in dictis rebus nichil de ce
2807 3684 4030 3765 tero reclamabit nec faciet reclamari. In cujus rei tes
2817 3774 4025 3859 timonium, presentibus litteris, ad petitionem predicti Petri, sigillum
2807 3877 4001 3965 nostrum duximus apponendum. Actum anno Domini MO CCO
2785 3977 4014 4065 LO IIO, mense martio. Benedictus freparius et ejus
2810 4075 3822 4143 uxor dederunt nobis vineam quandam (a).
2793 4164 4010 4265 Omnibus presentes litteras inspecturis, Hugo decanus
2783 4274 3986 4370 Tornodori, salutem in Domino. Noveritis quod, in nostra presentia
2793 4382 3981 4463 constituti, Benedictus de Tornodoro, freparius,
2789 4473 4038 4557 et Odeardis uxor ejus donatione facta inter vivos dede
2740 4566 3988 4652 runt et concesserunt absque spe revocandi, in puram
2778 4669 4027 4759 et perpetuam elemosinam, Deo et ecclesie Pontiniacensi quandam
4351 695 5569 773 vineam sitam in valle que dicitur Vallis curva, juxta vineam ipsorum Pon
4366 803 5583 869 tiniacensium, ab abbate et conventu dicte ecclesie in perpetuum pacifice possiden
4371 891 5528 963 dam. Promiserunt autem dicti Benedictus et Odeardis, fide in manu
4375 988 5542 1061 nostra prestita corporali, se contra donationem et concessionem hujusmodi
4391 1082 5564 1158 per se vel per alios non venturos. Recognoverunt etiam dicti Benedictus
4374 1177 5578 1244 et uxor ejus pro se et pro Guillelmo, filio suo in minore eta
4378 1265 5557 1338 te existente, se tenere ad vitam ipsorum trium, Benedicti,
4360 1365 5558 1437 Odeardis et Guillelmi vel alterius eorum qui supravixerit, a
4373 1465 5557 1537 dictis abbate et conventu Pontiniaci tres pecias vinearum
4373 1557 5553 1634 ipsorum Pontiniacensium, quarum una sita est en Chanboson, juxta
4369 1647 5583 1722 vineam defuncti Ferrici Barberii ; alia sita an Lapon
4373 1738 5562 1815 che, juxta vineam Jaqueti dicti Hermite ; et altera sita est
4371 1830 5547 1910 an Chialoe, juxta vineam dicti P., lou Bondrot ; tenerentur
4379 1927 5578 2001 etiam dicti Benedictus et Odeardis dictam vineam bono
4398 2020 5571 2100 statu tenere ; post vero ipsorum trium obitum, dicte vinee
4369 2127 5568 2201 ad jus et proprietatem Pontiniacensis ecclesie in statu
4378 2224 5592 2301 quo erant, libere revertentur. In cujus rei testimonium, ad pe
4387 2324 5528 2397 titionem dictorum Benedicti et Odeardis, presentibus litteris
4386 2425 5554 2499 sigillum nostrum duximus apponendum. Actum anno
4388 2521 5214 2594 Domini MO CCO L IXO, mense octobri.
5210 2521 5567 2591 Jordanus clericus
4239 2636 4355 2698 dedit medie
4237 2728 4316 2800 tatem vinee.
4375 2629 5551 2698 Omnibus presentes litteras inspecturis, R. decanus Sancti Florentini,
4380 2718 5596 2797 salutem. Notum facimus quod, in nostra presentia constitutus, Jordanus de Her
4400 2817 5557 2897 viaco, clericus, recognovit se dedisse et concessisse et in perpetuum quitas
4369 2914 5560 2994 se religiosis viris abbati et conventui et ecclesie Pontiniacensi, pro remedio
4384 3016 5552 3087 anime sue, medietatem totius vinee apud Denemonia site, que
4391 3111 5599 3185 vinea Clausus domini de Herviaco nominatur, in se circa vu quarteria
4375 3206 5550 3280 et dimidium (a) continentem ; quam vineam idem Jordanus et defuncta Maria
4371 3307 5585 3379 quondam uxor ipsius totam emerant ab eisdem. Promisit etiam
4377 3400 5545 3471 predictus Jordanus per fidem suam quam super hoc in manu nostra
4369 3500 5567 3575 prestitit corporalem, quod contra predictas donationem, concessionem et
4370 3592 5542 3665 quitationem per se vel per alium non veniet in futurum nec contra dictos
4384 3680 5590 3763 abbatem et conventum super predicta vinea aliquam querelam seu querimoniam
4384 3783 5594 3859 movebit, quantum ad hoc juridictioni nostre voluntarie se sup
4383 3882 5563 3959 ponens, ut, ubique maneat vel existat, possemus in illum
4379 3977 5576 4058 excommunicationis sententiam promulgare si ipsum a premissis resilire contin
4393 4072 5592 4155 geret aut in aliquo contraire. De qua medietate vinee idem Jordanus se deve
4384 4173 5571 4260 stiens, per donationem, concessionem, quitationem predictam fratrem
4369 4281 5568 4361 Guillelmum monachum Pontiniacensem, nomine dicte ecclesie, in nostra presentia,
4371 4384 5619 4455 investivit. Et nos ad petitionem predicti Jordani, in hujus rei memoriam
4365 4475 5569 4552 et testimonium presentibus litteris sigillum nostrum duximus apponendum.
4380 4580 5548 4656 Actum anno Domini M CCO L VIIIo, feria quarta post
4377 4685 4571 4762 Pascha.
5849 701 7023 783 Blanche, comitissa Trecensis, et Th., ejus filius, dederunt quicquid
5826 796 7029 885 habebant in locatione duarum domorum etc. ().
6043 905 7000 977 Nos Blancha comitissa Trecensis palatina et Th[eobaldus]
5875 994 7016 1071 comes Campanie, natus ejus, notum faci
5821 1084 7010 1163 mus universis tam presentibus quam futuris quod,
5833 1183 7013 1253 ob remedium animarum nostrarum, dedimus in
5813 1263 7038 1344 perpetuam elemosinam fratribus Pontigniaci quicquid
5842 1371 7026 1450 habebamus vel habere debebamus in nundinis, de
5839 1473 7039 1549 locatione duarum domorum quas habent contigu
5828 1570 7032 1638 as, post Domum Dei, de foro molarum, videlicet
5835 1663 7001 1732 terciam partem locationis. Retinuimus autem nobis
5835 1753 7012 1822 theloneum quod habere debemus in domibus su
5841 1842 7020 1915 pradictis. Quod ut notum permaneat et fir
5860 1935 6996 2004 mum teneatur, litteris annotatum sigillorum
5853 2035 7040 2108 nostrorum fecimus appensione muniri. Actum an
5835 2133 7010 2208 no ab Incarnatione Domini MO CCO xxo, mense maio.
6041 2433 7043 2509 Ego Haycius Beati Stephani Trecensis decanus
6060 2531 7035 2605 ejusdemque ecclesie capitulum notum facimus
5845 2627 7035 2702 presentibus et futuris nos concessisse et ratam habere
5853 2729 7060 2801 elemosinam quam dominus noster comes Henricus fe
5849 2827 7046 2899 cit ecclesie Ponti- niaci, ut scilicet liceat eis sin
5857 2924 7012 2997 gulis annis eeto. modios vini sui sine pedagio
5836 3010 7025 3087 nostro Trecas adducere. Si vero ultra prescriptum
5849 3112 7036 3186 numerum modiorum vendendi causa aduxerint,
5811 3207 7039 3282 de residuo consuetudinem nostram, sicut alii 1 ho
5839 3307 7028 3377 mines, reddere tenebuntur. Hoc autem, ut ratum
5823 3401 7020 3475 et inconcussum J teneatur, sigilli nostri patrocinio
5829 3502 7037 3572 confirmamus. Actum Trecis, anno ab i Incarna
5843 3594 6608 3665 tione Domini MO CO nonagesimo.
6607 3593 7042 3661 De eodem, scilicet de ca
5847 3683 6653 3752 pitulo Sancti Stephani Trecensis (a).
5929 3774 7031 3858 Ego Henricus Trecensis comes palatinus
5876 3879 7044 3950 notum facio presentibus et futuris quod,
5848 3977 7020 4052 pro salute anime mee et antecessorum meorum,
5852 4074 7004 4146 dedi Deo et ecclesie Pontiniaci hanc libertatem
5846 4173 6994 4244 in perpetuum, videlicet ut singulis annis de
5832 4274 7048 4354 vino suo pro sua voluntate adducere possint
5823 4372 7067 4453 Trecas et vendere ducentos modios sine intragio
5825 4470 7019 4546 et omni cujuscumque consuetudinis exacti
5833 4567 7038 4643 one. Et ut donum hujus prefate elemosine
5840 4676 7014 4752 mee ratum habeatur, sigilli mei impressi-
